2318 3914
186 106 274 193 2894
508 106 808 186 Oratio,

179 206 275 271 iniurius
284 207 324 273 effe
331 206 408 272 posit.
422 208 480 275 qui,
495 212 558 270 cujus
569 211 595 255 eir
604 211 682 258 anim
691 209 744 273 resp.
755 206 865 269 oenfistr't,
878 205 907 261 st
921 219 939 256 e
953 208 1020 269 order
1033 208 1079 262 ἡ
1096 193 1104 226 ²¹

178 277 278 321 omnium
288 278 340 321 vita
347 277 437 338 pendet,
454 290 504 322 eum
514 273 643 332 exstitissem
652 273 724 336 velie:
739 274 817 323 deinde
826 273 856 326 d·
861 273 920 333 serr,
936 272 964 325 ὸ
974 276 1077 338 respuat·-

175 351 203 387 τι
219 342 305 387 termine
319 342 417 387 hortem
430 350 497 403 atque
512 337 613 399 obsecret,
628 348 654 387 ut
663 338 710 397 fite
725 338 779 387 viu
793 338 910 399 consulat:
922 335 1030 399 pestremo
1039 356 1075 390 m

174 404 275 450 excutias
289 406 351 451 nudo
366 402 515 467 custodiasque
528 402 632 449 bonorum
645 402 734 449 civium
747 412 787 465 prr
798 402 875 463 salute
889 400 981 457 ssh'rts,
1000 418 1074 452 vem

174 470 246 515 etiam
255 472 352 516 tunam
361 468 388 519 θ’
399 478 511 527 corporum
521 465 622 529 oppofitur
630 477 706 511 centro
715 468 766 512 uim
774 466 918 529 polliceatur.
940 467 1028 514 flurin
1035 468 1073 527 est,

177 533 257 591 cesare
269 546 323 579 ιιι.
335 534 362 583 sy
373 533 412 580 M.
426 531 507 591 Lepido
520 530 571 591 Coffl
583 530 711 589 vidlr'rjm
719 531 802 577 iterum
815 530 843 576 in
854 528 951 586 Africa
962 529 1071 591 urowa

172 610 221 659 nge
230 598 376 660 Pompeianis.
393 600 421 647 l’.
432 596 530 645 Manut.
547 590 652 650 [llabita
662 600 695 644 Α.
707 596 737 645 V.
749 596 781 643 c.
797 594 947 651 DCCVlL]

150 734 496 841 11.(e)¹DIurpr.u1
516 732 629 821 filentii,
647 744 738 823 patres
749 733 1066 823 conscripti‚quoettllt

332 812 612 891 (b)histe1nponbus
626 816 702 883 ulus,
710 812 748 890 (c)
762 829 824 872 non
837 823 949 877 tunore
962 812 1065 950 aitquspd,

428 997 816 1050 sctrottrsrat.

237 1062 460 1111 INCIPIT
494 1064 590 1112 PRO
622 1063 660 1110 Μ.
694 1063 1009 1115 MARCELLO.

175 1122 548 1210 (r)])1nturrifilenrii,l’.c.]
564 1124 641 1175 Bellis
646 1123 739 1174 civibus
750 1126 780 1190 (l.
792 1125 921 1190 civilibus)
936 1129 1061 1177 eicerotr·

284 1190 343 1239 cuit.
360 1202 406 1238 nec
425 1189 581 1244 enimlocus
600 1186 648 1238 esse
664 1202 762 1255 poterat
776 1188 843 1239 inter
858 1190 932 1241 bella
946 1190 1059 1242 Ciceroni.

172 1256 243 1305 Data
253 1255 287 1305 esl
297 1254 454 1329 indulgentia
464 1252 589 1305 ciceroni.
606 1252 712 1303 reversus
723 1254 757 1303 est
774 1267 861 1305 orator
877 1257 1024 1308 Marcellus.
1036 1254 1060 1303 dt

171 1332 226 1431 guo
235 1324 348 1370 Lucanus
359 1330 403 1369 art.
419 1319 603 1384 Marcellusque
614 1318 717 1384 loquax.
734 1318 782 1368 llic
793 1319 907 1368 maxime
913 1318 1060 1370 suaseratbel-

186 1397 202 1431 a
218 1383 303 1433 civilia
318 1395 406 1431 eontra
423 1380 552 1432 caesarem.
570 1380 635 1429 unde
651 1381 784 1429 acerrimus
800 1384 829 1429 in
843 1395 904 1429 eum
922 1380 1059 1432 adversum

174 1448 256 1496 Caesar
267 1447 323 1496 fuit.
340 1445 412 1494 vietis
441 1444 532 1493 artibus
542 1441 653 1492 conscius
670 1442 788 1493 suasionis
798 1442 860 1503 sua,
872 1444 936 1510 quia
944 1445 997 1513 ipse
1006 1444 1059 1496 belle

173 1507 411 1566 somniantem
421 1458 565 1558 discesserat.
581 1507 635 1556 illic
645 1506 693 1556 fuit
699 1520 799 1557 mutans
814 1508 848 1574 (f.
854 1510 982 1577 multane)
994 1522 1060 1560 tente-

174 1575 275 1623 ritatetn
285 1572 353 1622 litam
363 1570 441 1621 exilio
456 1571 607 1621 voluntario.
624 1571 730 1620 reversus
746 1573 782 1621 est
799 1570 887 1623 Cesar.
906 1572 1059 1643 ingreffured

174 1636 251 1687 stater
262 1636 379 1687 Marcelli
390 1636 467 1694 Gaius
478 1635 621 1687 Marcellus.
637 1636 717 1685 tenuit
728 1650 808 1701 genua
825 1636 941 1689 casaria.
958 1636 1060 1689 miscuere

173 1700 270 1769 inquit:
287 1701 320 1751 da
330 1699 514 1765 indulgentiam
525 1698 604 1749 fratri.
621 1699 705 1749 secuta·
715 1701 770 1749 sunt
780 1700 892 1749 lacrima
908 1703 990 1753 totius
1004 1698 1061 1751 ordi·

173 1766 222 1815 nis.
255 1764 357 1816 Duabus
366 1764 393 1812 in
404 1760 475 1812 rebus
487 1764 523 1812 im
541 1765 641 1813 ellimur
653 1761 684 1813 ad
695 1761 878 1830 expugnandos
888 1763 1059 1824 inimicamur

174 1843 208 1877 err
219 1828 340 1896 superiore
352 1828 502 1885 injuria‚aut
528 1839 681 1877 ututomeru.
700 1824 781 1876 Casan
790 1840 928 1894 utrumque
940 1842 999 1879 ante
1010 1843 1060 1880 oot-

175 1894 216 1942 los
226 1894 314 1960 posuit.
333 1896 360 1943 δι
370 1890 638 1957 fecitquafifislontem
648 1892 804 1940 Marcellum.
821 1894 1058 1944 Mareellehoccon·

175 1969 216 2007 tra
226 1974 267 2006 me
277 1956 364 2003 fecisti.
381 1955 413 2003 de
423 1951 544 2016 superiore
554 1955 644 2017 injuria
652 1955 716 2004 illud
726 1954 813 2005 fecisti.
830 1954 925 2007 deinde
936 1958 1010 2007 audio
1018 1958 1058 2007 mi·

176 2023 205 2073 hi
216 2020 296 2086 parati
306 2016 406 2067 insidias
417 2019 447 2068 ab
458 2018 582 2095 his,quos
592 2019 692 2069 servavi.
709 2033 808 2077 tamen,
816 2023 943 2083 quoniam
955 2022 1004 2071 hoc
1013 2036 1058 2073 aut·

176 2084 298 2153 plislimus
309 2082 372 2132 ordo
382 2083 509 2148 postulat,
525 2081 637 2149 ignosco.
654 2082 715 2133 ldeo
724 2082 788 2132 dixit
799 2085 900 2135 cicero.
919 2092 977 2136 Tuis
986 2088 1060 2136 velde-

174 2153 259 2199 Iorr'bus
268 2149 587 2210 velsuspt'cr'om'busanteferre.
605 2146 911 2212 Tamen,quiaseparatus
925 2149 1059 2215 (filenaturl

146 2265 149 2273 ,
175 2211 310 2268 hocvult,i
330 2209 412 2259 nosco.
430 2211 757 2275 llacgtatulationecicero
769 2210 1057 2280 mirericorgratiaregin

175 2278 289 2341 Plerique
326 2285 393 2321 atum
409 2273 528 2323 dederunt
545 2276 572 2323 in
583 2275 630 2323 hac
640 2276 754 2323 oratione
765 2276 903 2328 venialem.
923 2295 980 2330 eum
990 2278 1058 2327 intlr

176 2340 293 2389 oratione
302 2338 385 2386 nullus
395 2336 470 2386 status
480 2336 517 2387 srt.
536 2340 675 2388 Gratiarum
689 2339 754 2387 estio
764 2340 806 2389 est.
824 2340 850 2388 si
862 2336 1057 2393 necdumdedis·

176 2404 213 2455 set
223 2403 412 2468 indulgentiam.
430 2400 552 2451 videretur
562 2403 636 2451 status
653 2403 757 2451 venialis
773 2404 802 2452 in
819 2408 995 2477 gratulatione
1008 2418 1057 2455 tan·

177 2479 233 2517 rum
245 2466 368 2515 Marcelli.
380 2465 423 2532 qui
433 2478 521 2576 putant
533 2478 614 2517 errant
624 2464 748 2516 surrexisse
758 2468 878 2519 Tullium.
909 2470 981 2521 Vidit
990 2466 1059 2519 Cast·

176 2547 230 2581 rem
241 2529 374 2595 ignoscere.
392 2544 434 2578 mu
446 2531 477 2580 ris
488 2530 556 2578 enirn
566 2530 672 2596 petenda
680 2529 846 2581 veniafuerat.
864 2534 1058 2586 Provocatillnm

178 2595 210 2645 ad
226 2608 302 2660 genus
318 2593 398 2642 laudis
413 2595 440 2642 in
456 2607 566 2642 extrema
576 2607 651 2707 parte
667 2594 795 2644 orationis.
827 2598 916 2649 Utitur
926 2596 995 2665 quasi
1006 2597 1060 2647 datu

176 2658 337 2718 conjetturae,
354 2658 413 2722 quia
423 2657 533 2714 dicebat,
549 2658 575 2706 in
585 2658 648 2708 idias
659 2657 722 2707 mihi
737 2657 833 2708 faciunt
848 2672 876 2709 ut
888 2677 933 2711 me
944 2660 1059 2713 occidant.

177 2721 228 2774 stve
243 2735 271 2770 ut
282 2733 367 2787 purget
383 2734 493 2779 ceteros,
510 2737 542 2769 ne
558 2722 679 2785 poeniteat
689 2720 815 2786 ignoscere
826 2722 967 2784 cesarem,
983 2724 1059 2775 siveut

176 2786 299 2840 caesarem
310 2799 408 2833 cautum
420 2784 518 2834 faceret.
541 2786 616 2835 Bellis
626 2800 686 2852 ergo
697 2786 810 2835 civilibus
821 2788 942 2839 oratione
952 2804 1005 2840 non
1015 2787 1060 2838 sue·

175 2864 215 2899 rat
225 2852 287 2899 usus.
306 2852 331 2898 δι
342 2849 396 2914 post
406 2846 473 2897 bella
483 2862 568 2898 tamen
580 2860 698 2906 tacuerat.
716 2854 774 2898 llaec
784 2850 865 2925 prima
871 2851 1061 2903 voxfueratdit·

173 2915 241 2962 turni
251 2912 351 2962 silentii.
368 2914 481 2978 Plerique
491 2926 577 2978 putant
587 2913 718 2979 figuratam
729 2912 776 2962 effe
786 2916 859 2963 istam
869 2918 1029 2973 orationem,
1039 2918 1060 2967 lt

174 2975 208 3027 fic
220 2988 348 3041 exponunt
359 2976 440 3043 ,quast
451 2978 507 3041 plus
518 2978 705 3041 vituperationis
716 2977 804 3027 habeat
815 2978 893 3043 quam
904 2980 996 3032 laudis.
1014 2984 1061 3030 llot

174 3056 221 3091 nec
232 3054 283 3090 tem
303 3039 384 3089 oribus
396 3042 513 3088 convenit
523 3056 569 3088 nec
580 3039 675 3091 casati.
692 3057 753 3090 narn
764 3044 789 3090 dt
800 3055 900 3107 tempus
912 3046 966 3094 tale
977 3043 1024 3103 est,
1038 3053 1060 3093 ιι

174 3119 232 3181 vera
242 3056 314 3154 lunge
326 3103 406 3154 caesur
416 3103 545 3177 inducatur
556 3104 587 3153 ad
597 3104 772 3162 clementiam
790 3108 816 3156 dt
827 3104 910 3158 Cesar
921 3122 1009 3161 orator
1019 3106 1061 3166 el.

176 3167 487 3292 quergogiffisrfirrtr'ssllelnliir‘.]
503 3234 598 3283 volunt
611 3247 743 3299 exponere.

208 3294 242 3358 (l)
260 3299 463 3361 mumoniae]
479 3299 544 3359 Quia
558 3296 678 3349 accusavit
692 3311 815 3365 tempora.
832 3304 896 3351 Non
912 3300 1061 3371 intelligunt.

175 3355 248 3410 sensit
260 3372 351 3410 orator.
370 3363 396 3412 δι
407 3376 439 3409 ne
450 3360 527 3426 figura
539 3359 577 3411 fit.

206 3421 241 3484 (c)
259 3430 307 3470 Non
321 3428 400 3473 timore
414 3426 515 3491 aliqua]
537 3426 620 3475 Modo
635 3428 748 3479 occurrit.
765 3442 798 3484 ne
814 3426 855 3484 sel
865 3428 894 3483 in
905 3427 1062 3498 suspicion&

174 3487 274 3538 caderet
287 3485 408 3541 acottsatet
421 3488 452 3556 (f.
464 3488 586 3557 accusare)
597 3503 722 3559 teurpora.
1015 3559 1034 3612 1

1033 3569 1064 3604 rr·

45 3639 135 3672 ιιι..
