2318 3914
237 138 320 203 2628
554 140 802 206 OrtArro

79 304 211 369 nm·
228 242 1128 399 ttualternitatemtunlstlrrtn

79 383 116 418 ¹⁶²
127 374 181 420 MS·
239 399 310 457 tium
323 398 431 456 illarum
450 416 607 475 numquam
622 398 659 457 est
677 397 759 456 antei
780 415 846 456 curn
861 399 995 456 omnibus
1013 398 1125 457 dimica·

240 486 312 533 turn.
328 475 474 533 restitimus
492 476 600 552 semper
618 475 739 533 laceffiti.
756 491 832 532 nunc
851 474 976 551 denique
989 473 1028 533 eil
1039 476 1125 550 perle-

242 551 336 619 eium,
356 563 387 609 ut
408 554 519 628 imperii
538 551 623 610 nostri
640 563 832 628 terrarumque
851 550 961 609 illarum
973 549 1053 611 idern
1065 546 1127 611 edet

241 639 409 686 extremum.
483 668 488 675 -

199 707 239 767 34
279 704 360 761 XIV.
378 705 552 777 Anninus
572 704 679 763 ltaliam
695 704 833 763 munierat
846 701 912 762 ante
931 714 1050 775 natura,
1069 719 1126 763 non

242 778 300 839 line
312 780 406 857 aliquo
420 783 517 842 divino
532 783 658 839 numine.
675 798 759 848 narn,
778 779 858 839 fiille
870 780 959 839 aditus
979 780 1125 839 Gallorum

240 857 408 917 immanitati
421 857 646 933 multitudinique
660 855 799 933 patuiffet,
818 874 976 934 numquam
990 857 1056 917 lraec
1068 855 1128 915 urbs

241 932 354 991 summo
367 936 486 1010 imperio
507 933 682 993 domicilium
703 950 737 991 ac
755 933 848 993 sedem
869 931 1045 1009 praebuiffet;
1063 948 1125 1009 qut
1153 982 1156 989 .

82 1012 99 1061 b
115 1006 224 1059 confide·
238 1009 299 1084 jam
318 1009 384 1068 licet
396 1015 411 1057 b
424 1009 575 1069 confidant.
593 1011 661 1068 nihil
679 1010 716 1068 est
734 1011 811 1068 enim
831 1010 902 1069 ultra
918 1010 997 1069 illam
1010 1008 1128 1069 altitudi-

81 1087 138 1128 eunt
150 1075 203 1123 MS·
241 1100 309 1143 nem
324 1089 464 1146 montium
478 1086 613 1163 usquead
626 1088 793 1156 Oceanum,
811 1086 895 1163 quod
910 1085 944 1145 stt
962 1086 1053 1147 Italiae
1072 1102 1128 1163 per·

231 1161 454 1222 timescendum.
490 1164 546 1223 Sed
564 1173 661 1221 tamen
679 1181 735 1222 una
755 1176 839 1241 atque
858 1162 943 1221 altera
961 1162 1063 1231 aestas,
1083 1160 1124 1223 rel

120 1308 124 1317 Ι
245 1250 341 1307 metu,
360 1239 434 1299 vell
449 1259 482 1311 e,
500 1239 546 1299 vel
559 1256 660 1314 poena,
679 1238 725 1297 vel
737 1238 876 1313 praemiis,
895 1238 941 1297 vel
960 1242 1064 1309 armis,
1082 1236 1123 1297 vel
1158 1241 1159 1246 ’

84 1317 99 1351 ⁹
204 1324 235 1409 ts·
243 1312 347 1390 legibus
358 1259 449 1391 poreb
459 1328 550 1375 totam
563 1315 682 1375 Galliam
696 1314 866 1391 sempiternis
878 1316 997 1377 vinculis
1017 1313 1124 1375 adstrin-

85 1428 114 1478 ἡ
124 1403 169 1475 ζαὴ-
192 1376 213 1409 ⁰¹
244 1408 318 1466 gere.
337 1396 366 1445 ⁶³
380 1393 517 1469 impolitae
536 1391 606 1451 vero
626 1410 668 1452 res
689 1393 719 1450 &
738 1391 847 1451 acerbae
865 1390 887 1450 fi
906 1403 990 1451 erunt
1008 1392 1122 1452 relidit:

84 1464 417 1544 drevissjderquamquam
436 1470 497 1529 sunt
509 1485 523 1517 e
536 1470 649 1539 accisae,
667 1481 762 1528 tamen
785 1467 902 1527 efferent
919 1468 947 1529 se
959 1468 1122 1550 aliquando,

85 1567 143 1605 cent
153 1559 206 1605 Mu.
246 1547 276 1603 δι
288 1544 324 1603 ad
336 1546 530 1605 renovandum
542 1546 645 1605 bellum
657 1548 673 1592 d
685 1544 858 1605 revirescent.

202 1636 236 1696 35
284 1625 381 1698 Quare
396 1627 426 1674 ⁶⁴
439 1622 513 1683 lirin
526 1622 585 1698 ejus
597 1624 684 1685 tutela
696 1621 804 1694 Gallia,
822 1620 901 1700 cujus
912 1622 1028 1696 uirtuti,
1046 1620 1123 1761 Ἢ»

277 1896 293 1937 6
295 1906 316 1946 3.
333 1889 480 1954 impolitam
495 1886 522 1939 dy
533 1886 623 1940 aroma,
636 1880 729 1946 fierunt
738 1883 830 1943 relide,
845 1902 981 1955 qumquam
988 1892 1041 1955 sm
1050 1894 1123 1956 ‘W'

233 1972 236 1977 ·
240 1952 285 2015 sa,
300 1967 371 2000 temen
383 1951 467 2013 efferens
472 1951 496 2011 se
506 1951 638 2021 aliqum,
654 1949 681 2000 dr
691 1950 721 1995 eet
731 1953 875 2001 revocandum
883 1955 963 2004 bellum
981 1960 1125 2018 reamescmrd

229 2019 359 2077 ..Alscindi
375 2015 487 2063 dicuntur
503 2026 546 2072 ea,
562 2027 616 2078 quat
634 2011 766 2072 conjuncta
782 2010 982 2081 disrumpuntur:
1005 2018 1070 2085 quod
1085 2020 1123 2071 bic

244 2096 298 2128 non
311 2078 431 2144 quadrat:
449 2080 533 2143 itaque
542 2078 644 2133 malim,
660 2079 744 2139 accisa,
760 2090 836 2141 quam
845 2082 946 2145 elsiiffe,
964 2086 991 2135 dt
1001 2083 1065 2149 apud
1074 2086 1125 2138 vir·

244 2145 334 2209 gilium
343 2144 387 2192 lib.
399 2158 445 2191 vri.
457 2156 488 2189 eo
500 2141 580 2191 versu:
1060 2142 1070 2157 “

310 2221 357 2259 Non
367 2216 417 2260 licet
428 2214 538 2259 amtorem
545 2213 632 2274 populos
642 2212 752 2260 exce‘ndm
764 2227 845 2273 regum.

246 2273 363 2339 scriptum
373 2271 432 2328 effe,
449 2277 555 2332 excidere,
571 2275 598 2322 in
610 2271 724 2323 Medieeo
736 2273 848 2324 libroait
866 2276 956 2327 Pierius
968 2280 1121 2341 valerianus,

226 2340 230 2347 '
246 2340 284 2386 vir
297 2338 327 2387 de
338 2338 427 2387 litteris
440 2338 534 2401 optime
545 2337 654 2387 rneritus.
671 2352 730 2386 narn
741 2341 828 2387 excinde
843 2340 909 2389 unde
925 2342 1058 2393 deducatur
1073 2361 1124 2395 non

246 2401 329 2452 video.
347 2408 375 2450 P.
389 2408 475 2449 Manus.
508 2406 611 2464 impolite
627 2418 679 2449 vero
695 2420 728 2449 res
738 2404 765 2454 td·
774 2407 876 2462 acerbe]
891 2406 1039 2469 Imperfe&
1050 2410 1076 2459 bt
1087 2411 1126 2459 in·

245 2465 340 2514 choatae
349 2497 357 2520 ,
367 2465 498 2513 translatio
517 2464 610 2514 ducitur
624 2464 653 2514 ab
665 2464 805 2522 arboribus,
821 2480 875 2531 qua
885 2476 962 2521 rorrlae
978 2472 1123 2537 tenellulum
1148 2482 1154 2491 '

247 2531 274 2578 δι
282 2528 436 2641 lreviregunt.
449 2528 548 2640 giodem
560 2544 648 2595 genere
659 2528 829 2579 translationis
841 2530 893 2595 ulus
905 2532 940 2583 est
956 2537 1056 2587 Plautus
1072 2543 1123 2589 ἱα-

231 2606 322 2647 nuo,
339 2606 352 2639 a
378 2608 433 2647 ur,
460 2607 480 2641 c.
497 2609 524 2640 rr

228 2675 233 2684 ·
278 2665 298 2705 Α
302 2656 391 2720 gorast.
413 2658 484 2704 Places
495 2658 612 2716 confilium.
635 2656 726 2723 Milph.
743 2664 813 2705 Immo
823 2659 891 2705 erim
901 2662 941 2711 nli
950 2664 1079 2728 expoliem,

229 2740 234 2749 ·
277 2730 353 2791 Mage‘s
362 2730 399 2772 hec
408 2739 455 2773 tum
465 2729 549 2774 demum
561 2730 633 2784 dices,
648 2730 780 2777 nuncetiam
790 2730 841 2777 rudo
851 2726 888 2788 est.

246 2797 279 2843 Et
290 2791 375 2857 paullo
387 2788 468 2839 durius
479 2788 601 2846 Alinaria,
618 2793 673 2841 astu
685 2809 713 2848 r,
730 2789 760 2843 sc.
774 2809 803 2841 2r

309 2856 363 2914 Jaem
373 2858 410 2901 hoe
420 2866 470 2917 opus
480 2855 508 2914 est
518 2857 656 2915 exasoe'srum.
690 2857 790 2907 Abram.

247 2922 360 2966 Acerbum
371 2918 432 2981 poni
442 2932 487 2981 pro
498 2917 729 2984 rudi‚imperfedio,
746 2919 865 2970 inchoato
875 2922 975 2975 nullum
982 2938 1073 3001 pitter
1081 2927 1124 2980 boc

246 2982 389 3047 exemplum
406 2982 432 3028 in
449 2983 542 3045 {criptis
560 2985 719 3047 antiquorum
735 2986 848 3035 occurrit.
871 2990 894 3038 Si
906 2985 939 3035 fic
957 2994 1049 3041 cicero
1059 2990 1125 3059 serip-

243 3042 289 3102 lit,
306 3060 332 3094 ur
344 3058 432 3092 omnes
443 3044 540 3093 codices
550 3061 597 3110 prae
609 3047 742 3105 deferunt,
759 3049 881 3099 transtulit
896 3049 962 3099 hane
973 3068 1063 3105 rocem
1072 3074 1125 3107 ecee·

239 3112 281 3171 ¹los
292 3113 306 3156 a
317 3108 399 3174 pomis
410 3109 559 3165 immaturis,
576 3124 629 3172 quat
640 3110 707 3175 quasi
717 3110 786 3161 rudia
796 3109 850 3161 sunt
861 3116 887 3164 δι
899 3114 1015 3167 nondum
1025 3120 1125 3183 perfode

242 3172 275 3220 ad
291 3188 328 3221 res
343 3171 490 3220 inchoatas:
507 3170 567 3221 ficut
578 3175 604 3223 δι
615 3177 690 3222 acerba
699 3178 762 3239 virge
778 3175 813 3225 est
829 3176 981 3239 immatura,
998 3196 1053 3247 qua
1066 3198 1125 3233 rrorr·

243 3234 306 3345 guin
323 3237 434 3300 pervenit
450 3234 482 3283 ad
497 3237 567 3285 illam
585 3237 776 3303 peefediionem,
792 3251 819 3288 ut
835 3254 894 3306 apra
903 3240 934 3291 lit
944 3246 1124 3313 conjugalifoe·

263 3310 315 3345 trh-
337 3306 411 3347 (ἔην.
990 3330 993 3335 ·

279 3369 318 3419 64.
336 3367 372 3409 Sir
388 3366 412 3409 in
428 3364 474 3413 eius
489 3366 559 3411 sraela
571 3367 657 3413 Gellia.
666 3370 676 3423 ]
698 3369 737 3414 De
747 3366 845 3417 urbium
855 3369 882 3418 δι
893 3371 1075 3433 provintiarum
1084 3386 1122 3439 pfl·

252 3422 333 3472 tronis
344 3426 423 3474 obiter
432 3425 494 3473 illud
505 3426 656 3486 notandum,
672 3429 778 3479 viliores
788 3444 815 3479 ut
830 3431 966 3505 plurimum
979 3435 1121 3489 deridiaruro

245 3500 261 3537 a
272 3486 295 3537 le
306 3489 420 3557 gentium
431 3486 500 3540 fiitffe
510 3502 639 3577 patronos.
668 3492 759 3548 Noster
769 3492 918 3553 offioomm
926 3498 973 3568 tm,
982 3504 1010 3559 it
1026 3507 1127 3567 remere-

579 3584 582 3591 ·
1098 3578 1128 3615 r·
