2318 3914
222 177 307 262 2436
545 154 791 243 Onarro

227 280 265 339 tiz
285 281 324 338 ita
338 275 403 337 cum
416 277 580 339 hominibus
593 279 730 338 enervatis
748 290 834 356 atque
848 279 1027 359 exsanguibus
1039 287 1114 344 coni
1131 302 1135 310 ·

81 355 182 406 mul.
227 356 343 425 sulatus,
361 366 505 433 tamquam
512 357 633 432 gladius,
655 355 822 427 effetdatus,
841 359 890 434 qui
903 376 953 435 pet
966 360 993 419 se
1004 377 1111 436 punge·

228 432 409 493 teneminem
422 450 557 509 umquam
566 430 730 510 potuissent,
750 433 781 491 hi
793 433 1113 511 summiirnperiinomi·

228 527 266 568 ne
277 508 581 586 armatirempublicam
590 509 862 569 contrucidaverunt.
879 513 970 571 foedus
984 515 1114 571 fecerunt

70 590 121 638 e&
129 586 217 663 consr-
230 603 296 645 cum
309 586 420 644 tribuno
427 585 511 661 plebis
524 587 635 662 pallm,
653 587 929 661 utabeoprovincias
935 589 1113 664 acciperent,

68 654 218 725 “st''”sh‘l
230 680 298 739 quas
310 661 486 738 ipsrvellent:
505 665 658 722 exercitum
678 663 709 720 &
722 665 888 738 pecuniam,
907 680 1041 741 quantam
1052 665 1115 723 vel-

70 716 205 828 }{Jfft‘ffi'
230 739 309 810 lent,
326 756 358 797 ea
371 738 450 815 lege,
470 739 490 797 sr
512 739 562 814 ipfi
583 738 654 816 ptius
673 738 785 799 tribuno
798 739 884 815 plebis
902 740 1033 800 afflistam
1053 742 1111 800 c&

70 795 131 894 MS?
186 813 192 827 '
232 813 428 876 rconstnmm
442 816 641 890 rempublicam
661 813 839 875 tradidissent.
870 816 900 875 id
912 830 1006 876 autem
1021 817 1114 878 soedus

184 921 220 980 25
233 911 301 953 meo
314 892 444 967 sanguine
456 890 544 950 idum
551 893 647 950 sanciri
659 889 736 966 polle
751 890 889 951 dicebant.
914 893 979 969 Qud
993 911 1021 952 re
1035 906 1114 970 pate-

230 968 303 1029 faut
316 968 510 1046 (nequeenim
524 967 682 1027 dissimulati
693 979 803 1027 tantum
815 968 900 1028 scelus
914 982 1039 1046 poterat,
1058 988 1113 1047 nec

230 1045 326 1120 latere)
340 1044 551 1121 promulgantur
564 1062 623 1103 uno
642 1043 802 1121 eodemque
815 1059 945 1121 tempore
952 1048 1114 1122 rogationes

230 1121 265 1180 ab
279 1120 383 1181 eodem
397 1122 510 1181 tribuno
525 1125 553 1173 ⁶³
562 1121 597 1181 de
612 1138 676 1180 mea
695 1122 819 1197 pernicie
834 1165 843 1192 ,
870 1124 949 1184 &de
963 1124 1113 1200 provinciis

227 1198 372 1258 consulum
386 1199 564 1267 nominatim.
771 1246 774 1250 .
1149 1210 1152 1217 ·

269 1276 319 1336 ΧΙ.
338 1274 413 1334 Hic
435 1295 512 1335 rou
526 1275 632 1335 senatus
644 1274 787 1346 sollicitus,
808 1293 860 1335 vos
871 1277 1113 1355 equitesexcitati,

231 1350 311 1412 Italia
324 1353 424 1413 cunda
429 1365 558 1429 permota
566 1358 585 1422 ,¹
595 1368 696 1411 omnes
702 1351 824 1428 denique
831 1356 961 1414 omnium
976 1371 1113 1430 generum

232 1440 318 1505 atque
330 1429 462 1488 ordinum
477 1430 553 1489 cives
565 1429 683 1489 summae
697 1430 855 1504 reipublicae
869 1430 886 1488 a
901 1430 1055 1490 consulibus
1073 1444 1117 1489 at·

231 1505 313 1583 quei
326 1505 482 1564 summoim
504 1507 562 1564 erio
568 1505 721 1583 petendum
735 1504 790 1564 effe
802 1508 936 1567 auxilium
951 1507 1119 1567 arbitraban-

52 1593 54 1597 ’
73 1602 131 1654 ehi
140 1601 190 1651 duo
232 1592 294 1653 tur,
315 1524 609 1652 ecumilisofieffent,
629 1583 1118 1658 praetersuriosumillumtribunum,

72 1667 223 1718 sonnerunt
233 1658 292 1718 duo
306 1659 463 1736 reipublicae
470 1659 606 1727 turbines,
627 1660 749 1736 quinon
763 1659 854 1718 modo
868 1661 1053 1795 praecigitanti
1065 1679 1116 1739 pa-

66 1735 147 1782 WS·
155 1732 181 1782 (7
189 1730 222 1776 ιδ·
233 1736 360 1796 triaenon
372 1737 563 1806 subvenirent,
582 1734 628 1796 sed
642 1735 745 1794 setiam
758 1736 879 1794 nimium
891 1736 951 1796 tatd
981 1738 1119 1798 concide·

69 1807 159 1908 'feam
170 1856 208 1904 W,
233 1818 433 1874 re'm'aeter'en't.
446 1813 629 1890 Flagitabatur
635 1812 669 1871 ab
675 1812 716 1870 his
722 1811 849 1890 quotidie
855 1811 920 1871 cum
933 1813 1051 1891 querelis
1063 1816 1118 1875 bo·

73 1924 121 1970 ὦ,
234 1906 338 1951 notum
352 1890 500 1959 omnium,
520 1902 581 1949 tum
596 1890 681 1947 etiarn
695 1889 821 1966 precibus
834 1887 957 1960 senatds,
976 1901 1008 1949 ut
1021 1907 1120 1953 meam

74 2001 93 2051 g
109 1956 209 2049 agerent
235 1967 344 2028 causam
356 1966 531 2043 susciperent,
545 1977 679 2043 ungerent
684 1965 807 2043 ;aliquid
813 1964 934 2053 denique
942 1965 979 2026 ad
990 1966 1118 2029 senatum

76 2045 180 2112 aliquid·
198 2046 377 2105 hireferrent.
402 2043 431 2101 hi
444 2061 505 2102 non
519 2042 610 2103 modo
623 2041 769 2119 negando,
787 2041 835 2101 sed
854 2054 939 2101 etiam
958 2042 1120 2119 irridendo,

76 2111 208 2162 mm&
235 2138 284 2195 am
305 2117 822 2196 liffimumquemqueilliusotdinisins
853 2118 997 2179 uebantur.

190 2190 228 2251 26
276 2140 433 2256 sstcsubitb
440 2210 506 2253 cum
520 2194 686 2254 incredibilis
697 2196 726 2253 in
734 2196 837 2271 Capito
857 2213 906 2254 um
921 2196 1072 2257 multitudo
1084 2217 1121 2260 err

236 2284 299 2335 tota
316 2273 384 2332 urbe
410 2269 565 2348 condique
582 2269 659 2331 ltalial
674 2270 862 2349 convenisset,
887 2272 993 2331 vestem
1009 2285 1124 2336 mutan-

236 2350 304 2410 dam
319 2365 435 2416 omnes,
456 2365 504 2407 me
524 2366 560 2407 ue
574 2349 660 2407 etiam
674 2349 754 2406 omni
768 2348 892 2419 ratione,
912 2350 1021 2424 privato
1029 2353 1124 2413 confi-

135 2468 138 2473 -
234 2428 277 2491 lio
295 2426 445 2565 fiquoniam
459 2366 573 2501 publicis
584 2423 697 2483 ducibus
716 2423 867 2500 respublica
886 2428 1003 2504 careret)
1024 2427 1127 2491 defen·

237 2504 295 2566 den
314 2522 364 2564 um
378 2513 515 2579 putarunt.
524 2500 590 2559 Erat
603 2498 705 2558 eodem
718 2511 848 2577 tempore
863 2501 1004 2561 ⁶⁴senatus
1017 2503 1046 2562 in
1060 2507 1126 2568 aede
1156 2558 1158 2565 .

239 2579 412 2643 Concordiae
419 2620 433 2650 ,.
447 2576 526 2657 quod
538 2577 626 2654 ipsum
639 2576 776 2654 templum
789 2576 997 2653 repraesentabat
1009 2597 1125 2644 memo·
1154 2584 1158 2653 j

237 2650 240 2657 ’
1052 2662 1127 2722 riam
1153 2660 1158 2752 ζ

272 2823 311 2873 63.
328 2818 365 2863 De
375 2829 422 2861 mea
428 2815 536 2883 pernicie,
552 2813 579 2865 ὁ·
590 2813 616 2860 de
623 2813 745 2875 prouinciis
755 2813 863 2875 consulum
877 2812 1028 2870 nemineum]
1050 2821 1126 2874 Non,
1150 2814 1154 2879 ζ

240 2876 445 2934 nominatim,de
455 2891 511 2926 mea
520 2876 628 2940 pernicie
635 2909 642 2932 ,
649 2872 704 2932 sed,
714 2877 866 2926 nominatim
877 2874 908 2924 de
919 2876 1052 2940 provinciis
1063 2893 1127 2927 con·
1150 2872 1158 2911 4

241 2942 329 2995 sulum.
346 2955 406 2990 nam
416 2942 459 2988 lex
470 2939 571 2996 clodii,
586 2952 613 2988 ut
624 2939 650 2986 in
661 2940 763 2998 Dione,
791 2940 889 3001 velleio
905 2939 1046 3004 &epistola
1061 2958 1127 3008 qua·
1150 2942 1158 2990 l

242 3004 303 3057 dam
316 3003 348 3054 ad
359 3004 470 3053 Atticum
480 3003 753 3068 legimus,0icetonem
765 3019 818 3053 non
828 3002 985 3059 nominabat,
991 3002 1031 3053 sed
1042 3007 1069 3053 in
1081 3023 1127 3059 eos
1148 3020 1158 3071 r

262 3068 390 3119 eneraliter
400 3066 486 3131 scripta
497 3079 562 3121 erat,
578 3063 597 3114 sr
610 3067 651 3132 qui
663 3067 864 3116 civesRomanos
874 3065 968 3116 indias
979 3062 1130 3120 caullaicon·

242 3085 404 3183 demnalsent.
421 3131 448 3178 in
459 3144 510 3195 quo
519 3142 604 3178 tamen
614 3130 760 3204 praecipuum
771 3130 900 3179 ciceronis
915 3128 1009 3180 fastum
1020 3135 1129 3185 notaba-

243 3208 298 3254 tur;
316 3196 358 3262 qui
368 3195 510 3254 conjuratos
521 3193 572 3242 fine
582 3194 668 3258 populi
683 3193 775 3254 iudicio
791 3194 961 3244 damnaverat.
983 3198 1128 3259 provincias

134 3259 142 3276 ²
243 3272 326 3311 eutem
337 3257 464 3308 consulum
475 3258 501 3304 in
512 3271 541 3305 ea
556 3259 612 3322 lege
628 3258 770 3306 nominatas
786 3255 847 3314 esse,
864 3256 975 3307 indicant
990 3259 1055 3318 illa,
1072 3277 1128 3327 qua
1144 3240 1158 3295 fl

240 3323 355 3390 proxime
365 3323 524 3371 recitavimus
532 3334 563 3369 ex
573 3321 688 3368 oratione
696 3335 743 3433 gro
750 3325 835 3371 Domo
847 3317 895 3370 fira.
913 3327 939 3370 P.
946 3326 1038 3371 Manu.
1143 3319 1158 3385 l*

274 3395 312 3447 ⁶4·
330 3390 422 3434 Senatus
430 3390 456 3434 in
465 3387 528 3442 ada]
547 3388 576 3432 ln
588 3383 695 3433 Dresden
727 3385 753 3434 δι
763 3385 860 3443 Francis
872 3382 945 3434 codd.
962 3384 1066 3449 legitur:
1084 3393 1131 3449 Hic
1143 3379 1158 3425 ὗ

234 3451 308 3512 subito
315 3450 402 3511 senatus
412 3451 439 3502 ό*
450 3448 566 3509 universus
577 3450 626 3495 erdo
631 3449 688 3508 fieus
697 3450 817 3509 consulatus
834 3452 879 3496 mei
893 3445 959 3512 eauffl
975 3440 1158 3509 ominamur-,li

59 3526 156 3656 N
238 3514 356 3579 Consulem.
374 3507 694 3589 &itahebeteditiuanui
705 3526 776 3574 ¹472·
797 3516 874 3567 ὕνιν.
1006 3592 1047 3646 ⁶5·
1060 3588 1134 3653 Qu
