2318 3914
202 143 288 225 2508
465 172 469 182 ·
527 140 562 210 0
580 161 606 210 u
626 160 651 210 Α
672 162 696 210 a
717 161 773 212 aa

101 264 105 269 ·
202 243 404 307 rusvideretur.
423 242 627 324 Itaqueiliavia
640 245 790 316 latebrosa,
809 245 864 322 qud
875 243 1026 323 speltarum
1039 237 1088 299 ille

202 322 350 392 veniebat,
369 323 396 382 A
418 321 692 400 piajamvocabatur.
711 323 1085 402 quitamen,quoquotem-

202 400 380 476 poreconspe
409 411 519 469 userat,
538 396 696 458 noumodo
706 399 886 475 gladiatores,
904 390 1083 476 sedequiipfi

203 472 389 549 gladiatorum
395 475 859 552 repentinisfibilisextimescebam.
1080 502 1090 523 ¹-

141 556 196 625 127
244 550 494 630 Videtisneigitur,
513 563 649 631 quantum
656 550 869 628 interpopulum
876 552 1041 613 Romanum
1054 543 1085 604 δι

149 680 152 685 ,
207 628 377 688 concionem
385 627 508 689 interfit?
527 629 661 688 dominos
673 628 845 687 concionum
858 628 939 687 omui
952 625 1022 686 odio
1034 638 1088 709 po·

226 702 585 783 ulinotarilquibusautem
593 702 774 783 confisterein
783 720 930 781 operarum
938 699 1091 761 concioni·-

245 781 426 851 snonlioeat‚
446 799 495 840 eos
508 782 588 841 omni
601 780 697 857 populi
711 782 835 839 Romani
849 776 1089 856 rosignrficatione.

51 869 197 930 &xxvia
207 853 353 915 decorari?
373 854 424 916 Tu
438 857 508 916 mihi
520 859 606 917 etiam
621 857 790 916 M.Atilium
804 856 943 932 Regulum
958 867 1089 914 comme-

208 948 319 1003 moras,
337 933 386 1010 qui
392 932 482 991 redire
495 934 549 1010 ipse
557 932 753 1008 Carthaginem
760 933 806 991 sua
819 932 963 991 voluntate
977 930 1013 989 ad
1025 927 1088 1003 sup-

124 1080 126 1084 ·
206 1007 339 1082 picium,
378 1026 444 1067 uam
450 1008 507 1068 fine
517 1011 549 1068 iis
562 1010 692 1084 captivis,
711 1006 832 1085 aquibus
838 1009 873 1068 ad
885 1009 1011 1069 senatum
1025 1002 1090 1065 mis·

207 1082 336 1153 luserat,
355 1027 460 1144 Romae
473 1102 586 1144 manere
599 1083 751 1143 maluerit?
770 1086 800 1142 ὃ(
814 1085 883 1143 mihi
894 1102 978 1160 negas
989 1082 1090 1168 opran-

125 1218 131 1239 Ι
210 1159 414 1294 dumtreditum
435 1159 513 1221 firiffe
525 1179 574 1238 per
588 1160 705 1221 familias
716 1173 891 1238 comparatas
914 1163 944 1220 &
957 1160 1089 1219 hommes

207 1250 284 1294 arma
298 1253 339 1297 os.

41 1356 46 1379 r
166 1372 173 1377 ,
247 1311 310 1373 LX.
329 1313 410 1373 Vru
422 1314 524 1374 scilicet
538 1331 591 1390 ego
604 1311 773 1383 desideravi,
792 1314 858 1391 qui,
878 1313 947 1373 dum
960 1312 1002 1370 vis
1016 1309 1085 1380 fuit,

47 1386 56 1423 l
208 1388 345 1466 nihilegi‚
365 1391 395 1449 &
420 1407 504 1459 uem,
524 1389 592 1449 fivis
604 1409 664 1449 non
676 1388 782 1460 fuisset,
801 1391 875 1449 nulla
888 1408 930 1448 res
939 1386 1089 1457 labefadla-

14 1476 16 1483 ·
145 1462 204 1541 {128
210 1482 239 1525 re
252 1464 391 1542 potuisset.
400 1409 496 1526 (idum
509 1483 563 1543 ego
576 1467 695 1526 reditum
711 1466 903 1542 repudiarem,
922 1467 971 1542 qui
983 1466 1024 1524 ita
1036 1462 1089 1521 flo-

129 1538 141 1557 ²
209 1559 272 1601 rens
283 1544 352 1612 fuit,
371 1554 529 1613 utverear,
546 1562 583 1602 ne
597 1544 658 1661 ‹yuis
669 1533 1091 1619 m'estudiogloriaeputetidcir·

212 1637 249 1678 co
263 1616 362 1688 exiise,
382 1630 413 1678 ut
424 1619 463 1679 ita
475 1619 610 1680 redirem.
634 1621 731 1694 Quem
745 1621 821 1679 enim
834 1636 970 1696 umquam
982 1617 1091 1676 senatur

209 1696 320 1765 civem,
339 1694 389 1754 ulfi
396 1713 459 1767 me,
478 1697 635 1757 nationibus
649 1697 747 1755 exteris
760 1693 992 1757 commendavit?
1012 1691 1090 1766 cuius

195 1796 199 1801 ·
1024 1785 1088 1827 um-

211 1860 285 1992 lstarrm
299 1883 455 1997 lyrbeolligere
464 1882 523 1934 licet
533 1897 566 1935 ex
577 1880 706 1947 Euripide:
724 1892 764 1930 aut
775 1880 807 1930 ad
823 1881 940 1931 llionem.
972 1874 1091 1928 Horatiae

231 1959 264 1996 ar.
287 1982 294 1996 .
315 1951 323 1996 i
342 1954 387 2000 .11.

272 1963 283 2003 ς
312 2019 361 2060 Non
370 2016 440 2076 magis
450 2014 547 2061 audierit
556 2027 624 2076 quam
631 2010 704 2069 fufius
714 2009 786 2058 ebrias
797 2010 851 2055 alim

314 2083 368 2123 Cum
375 2079 471 2126 Ilionam
479 2078 585 2131 edormir,
604 2077 697 2122 Catienis
707 2075 769 2122 mille
778 2073 875 2121 ducentis

313 2141 388 2186 Mater
398 2151 419 2185 te
429 2141 522 2201 appello,
537 2139 688 2187 clamantibus.
706 2172 713 2186 .
731 2173 738 2185 .

213 2207 247 2253 Et
258 2200 341 2250 noller
351 2199 428 2250 Acad.
440 2200 521 2265 quast.
533 2199 575 2248 lib.
583 2204 624 2248 lv.

311 2266 376 2320 Quia
387 2265 459 2312 Iliona
464 2265 539 2324 ,somna
549 2266 607 2310 illa?

313 2330 389 2374 Matar
398 2339 419 2374 te
428 2329 515 2390 appella.

214 2394 281 2442 Cum
291 2403 375 2439 tamen
385 2389 466 2437 Ilione
478 2387 595 2452 Polydori
606 2385 687 2446 soror,
704 2404 756 2437 non
767 2399 846 2438 mater
856 2385 943 2443 fuerit,
960 2385 1090 2452 placetJa·

212 2455 271 2504 tobi
283 2452 383 2503 Nicolai
393 2450 497 2503 Loinfis
507 2454 550 2502 lib.
563 2458 606 2502 ΠΙ.
615 2452 801 2518 Epiphyllidum
812 2452 965 2509 conietlura,
978 2466 1008 2500 ea
1020 2450 1091 2500 verba

214 2518 248 2569 ad
258 2518 369 2568 Ilionam
379 2531 432 2564 non
443 2516 581 2582 Polydoro,
597 2515 638 2565 sed
649 2518 768 2582 Deiphilo
779 2517 917 2566 tribuentis.
935 2513 966 2562 de
978 2530 1029 2580 quo
1040 2519 1092 2578 Hy·

214 2576 1093 2706 dltdlltzlitlitt-llmliitlt't'lllllliillitati

215 2709 325 2770 terfeciffe.
358 2657 396 2757 ΕΞ
407 2722 471 2773 quo,
488 2678 583 2771 inquit',
599 2705 673 2757 facile
684 2664 864 2772 estecollrigere,
880 2703 993 2770 Deiphili
1004 2700 1093 2771 luppo·

216 2772 286 2823 fititii
297 2771 413 2835 Polydori
423 2771 536 2820 umbram
547 2772 573 2818 in
585 2786 613 2818 ea
623 2771 834 2836 tragoedia‚matri
845 2769 880 2818 rei
890 2771 980 2834 ignarae
988 2781 1092 2818 omnem

217 2835 316 2886 cladem
328 2835 395 2884 suam
405 2835 432 2884 in
444 2836 535 2884 somnis
547 2849 560 2881 a
578 2832 674 2891 eruisse,
692 2837 717 2884 δι
728 2835 779 2883 illis
791 2833 889 2889 verbis,
906 2838 982 2882 Matar
993 2847 1014 2881 te
1025 2834 1093 2897 appel·

216 2903 252 2956 lo,
270 2896 347 2962 ipsam
358 2899 467 2948 Ilionam
478 2899 544 2947 volui
566 2898 701 2947 eexcitare.
721 2901 819 2947 Abram.

250 2978 288 3021 50.
306 2962 488 3026 significarim]
503 2961 598 3010 Eodem
609 2959 675 3010 sensu
685 2960 754 3012 ΗΜ,
768 2960 798 3010 ad
811 2966 864 3010 Art.
877 2959 945 3024 epist.
956 2976 993 3015 13.
1023 2961 1093 3009 Ludis

216 3028 244 3080 (φ
252 3026 409 3090 gladiatoribus
420 3027 531 3072 mirandas
542 3023 699 3084 ἱτισημασίας
706 3027 752 3084 fine
762 3028 808 3073 ulla
822 3024 1021 3088 pastoritiafistnla
1032 3025 1093 3084 aufer

216 3091 323 3139 rebamur.
340 3089 395 3138 Lib.
402 3091 434 3137 11.
447 3087 479 3136 ad
488 3091 598 3136 Fratrem
608 3089 675 3152 epist.
686 3106 722 3150 14.
750 3090 817 3152 Qoal
826 3091 922 3152 quotidie
933 3091 1023 3143 damus,
1039 3087 1093 3152 quod

212 3155 304 3214 forum,
320 3154 377 3214 quod
386 3155 468 3200 theatri
471 3153 635 3213 fignificationes
649 3155 764 3200 declarant.
797 3152 861 3211 Quia
878 3152 995 3199 nimirum
1012 3147 1093 3215 plausu

217 3217 258 3263 vel
268 3215 344 3264 fibilis
354 3215 512 3265 theatralibus
523 3216 637 3264 voluntas
648 3215 735 3279 populi
745 3213 902 3279 fignificatur.
927 3214 1002 3279 Epist.
1018 3231 1039 3264 1.
1051 3214 1093 3263 lib.

215 3282 258 3328 lv.
272 3279 303 3326 ad
316 3280 390 3330 artic.
423 3287 475 3327 Cum
486 3281 719 3342 veniffemadparram
734 3287 857 3341 capenam,
874 3281 1093 3340 gradualemplarm

215 3343 242 3388 ab
252 3341 328 3401 infima
335 3345 394 3405 plebe
403 3345 502 3397 cornaleti
510 3343 600 3398 arnaud
608 3359 652 3407 qua
658 3344 738 3406 plausu
748 3345 844 3389 maximo
859 3360 907 3389 cum
918 3343 964 3404 effer
976 3345 1036 3390 mihi
1042 3357 1093 3405 gra·

213 3407 291 3453 ralatio
299 3405 430 3465 significata,
442 3407 525 3464 finilia
534 3407 561 3462 d·
567 3407 710 3472 frequentia,
726 3407 850 3476 &plausus
865 3423 898 3458 mr
910 3407 975 3472 usque
990 3407 1022 3454 ad
1034 3406 1093 3470 capi·

57 3450 292 3656 Naum
302 3469 426 3536 catenant,
442 3467 521 3524 mem
1079 3518 1082 3525 .

995 3548 1033 3596 51·
1050 3534 1093 3601 Q
