2318 3914
275 102 335 165 lar
375 96 418 163 L.
460 94 742 169 Prsouuar.
874 110 960 199 2683

61 206 115 267 iila
127 204 323 277 tua-lutulenta
343 204 411 263 vitia
430 218 617 274 noveramus;
637 210 720 283 pauci
739 212 896 277 tarditatem
911 220 957 280 in·

60 284 156 359 genii,
176 282 317 361 stuporem
338 274 566 359 debilitatemque
585 282 871 367 loquarnumquam
894 310 955 357 erat

61 360 156 421 audita
170 378 230 431 uox
244 360 272 417 in
286 359 366 417 foro:
386 373 543 433 numquam
557 360 719 491 perieulum
740 364 846 425 latium
862 372 955 433 confi-

54 434 102 495 lii:
122 436 232 497 riirllunt
247 452 305 494 non
320 432 410 493 modo
421 430 540 505 illustre,
567 434 604 494 ed
617 454 655 496 ne
666 450 768 499 notum
783 444 897 519 quidem
911 452 954 508 t'a-

58 510 138 573 dum
155 525 204 574 aut
219 512 341 581 rnilitiae,
360 522 408 569 aut
426 510 516 569 dorni.
535 511 675 589 obrepiiili
689 516 723 575 ad
736 516 860 581 honores
873 520 951 585 erro-

57 604 88 647 re
106 590 261 648 hominum
278 632 287 659 ,
312 586 565 647 commendatione
584 592 756 653 fumosarum
777 596 958 675 imaginum:-

57 682 182 743 quarum
197 666 286 725 limile
297 666 381 725 habes
394 665 480 735 nihil,
499 679 599 743 praeter
619 668 757 730 colorem.

95 742 125 801 ls
137 742 208 803 mihi
223 746 308 803 etiam
316 742 532 819 'gloriabitunse
545 760 647 803 ornnes
659 744 829 823 magillratus
840 748 897 811 iine'
905 766 972 813 re-a.

56 820 133 895 pulsa
153 818 329 881 assecutum?
351 819 420 877 nrihi
439 818 487 877 ista
508 820 574 878 lieet
592 820 628 879 de
640 838 688 881 me
702 841 765 881 vera
780 843 844 885 cum
857 828 947 905 gloria

75 896 220 957 radicare.
239 912 341 957 omnes
353 898 429 955 enirn
442 894 565 955 honores
575 904 695 973 populus
708 902 855 963 Romanus
869 918 881 953 ⁷
899 910 953 966 mi·

79 973 169 1049 'ipsr,
188 974 302 1033 homini
315 990 412 1042 novo,
430 971 540 1031 detulit.
578 976 672 1045 Nam,
690 988 722 1035 tu
739 976 807 1037 birm
830 983 952 1059 quaellor

55 1065 86 1107 es
98 1050 205 1121 fadus,
226 1052 310 1111 etiam
324 1050 410 1127 quite
424 1066 580 1127 numquam
598 1050 739 1124 viderant,
759 1066 855 1117 tamen
869 1060 950 1123 illum

54 1122 201 1187 honorem
215 1128 326 1187 nomini
339 1126 508 1186 mandabant
520 1139 581 1187 tuo.
608 1128 708 1188 [ildiris
721 1148 750 1189 es
763 1132 860 1195 faetus.
887 1138 950 1198 l’ii'o

58 1200 97 1259 eil
110 1202 127 1261 *a
141 1204 249 1282 populo
264 1206 398 1263 Romano
411 1202 579 1274 fadus,non
596 1204 642 1263 ilie
657 1206 726 1267 Piso.
745 1208 866 1271 Praetura
873 1215 949 1273 item

56 1281 211 1355 majoribus
226 1281 315 1341 delata
329 1280 366 1341 est
378 1282 441 1339 tuis.
459 1282 520 1337 noti
533 1294 612 1339 erant
625 1282 663 1340 illi
679 1288 784 1344 mortui
793 1300 835 1346 :te
848 1289 948 1349 vivum

55 1358 190 1417 nondum
211 1372 328 1417 noverat
342 1359 499 1436 quisquam.
526 1358 577 1415 hle
591 1358 655 1417 cirrn
670 1362 837 1437 quaeilorem
852 1368 881 1424 in
894 1370 951 1444 pri-

56 1434 128 1505 mis,
149 1436 288 1495 ⁸aedilem
304 1438 444 1511 priorem,
464 1447 614 1509 praetorem
629 1436 752 1511 primurn
776 1440 882 1501 cunttts
893 1445 981 1503 tuf-1³.
993 1452 1089 1505 Lxxx.

55 1510 149 1587 fragiis
162 1514 281 1591 populus
295 1515 441 1571 Romanus
453 1511 587 1569 faciebat:
607 1512 717 1571 homini
730 1515 776 1574 ille
788 1518 949 1593 honorem,

54 1602 117 1645 non
130 1592 243 1665 geneth
265 1590 402 1657 moribus,
423 1606 483 1645 non
497 1588 650 1647 ma'oribus
663 1592 732 1649 meis
739 1614 748 1660 ;
770 1594 864 1655 virtuti
885 1616 948 1673 per-

52 1662 171 1739 spettae,
189 1686 250 1725 non
263 1666 365 1724 auditae
378 1664 516 1723 nobilitati
528 1606 678 1723 eleferebat.

97 1744 178 1803 Nam
197 1743 267 1821 quid
287 1760 341 1818 ego
357 1741 392 1800 de
406 1740 549 1800 consulatu
561 1741 678 1819 loquar?
697 1749 850 1819 pauoris,
870 1766 966 1833 anne3

54 1820 153 1899 gello?
173 1821 308 1879 Miserum
330 1822 394 1878 me!
418 1817 510 1877 ⁹cuur
532 1817 588 1877 hae
601 1836 648 1877 me
666 1836 742 1879 nunc
764 1824 840 1897 pelle
859 1838 943 1903 atque

53 1900 116 1957 labe
129 1895 270 1956 contero?
290 1896 335 1955 sed
348 1894 417 1955 nihil
429 1894 612 1969 comparandi
635 1894 714 1953 cauli
727 1898 842 1974 loquar:
867 1912 895 1941 ¹⁰
910 1921 943 1963 ac

54 1988 152 2040 tamen
168 1992 217 2042 ea,
238 1990 303 2051 quae
316 1973 376 2031 sunt
387 1970 544 2046 longiffirnd
559 1970 708 2045 disjundia,
730 1978 968 2052 bcomprehen-r‚
985 2004 1055 2039 com-

54 2053 131 2111 dam.
151 2050 203 2111 Tu
217 2048 311 2110 conlui
326 2067 354 2107 es
366 2050 537 2106 renuntiatus
544 2047 625 2121 (nihil
636 2048 727 2107 dicam
735 2055 845 2127 gravius
857 2054 943 2131 qulrn
953 2053 1072 2116 prendant

53 2128 133 2210 quod
153 2124 257 2187 omnes
275 2126 408 2201 fatentur)
423 2124 565 2201 impeditis
582 2125 741 2201 reipublicae
754 2134 944 2271 temponbffis,
951 2121 1007 2169 MS·

853 2219 880 2249 tt
918 2210 948 2261 ¹,

53 2383 91 2435 bri
108 2386 206 2449 vulgati
221 2383 312 2433 habent
329 2397 400 2442 ante,
417 2386 513 2435 indua-it.
532 2386 557 2435 bt
575 2384 658 2449 haprt,
674 2385 715 2434 ubi
726 2384 783 2435 libri
793 2388 888 2452 vulgati
899 2388 946 2437 lra-

52 2448 127 2505 beat,
144 2456 168 2497 in
179 2468 271 2497 errorem
282 2453 384 2509 inpulit,
400 2449 448 2506 lbi,
465 2454 558 2498 lecutus
570 2446 762 2514 manuscriptos,
779 2450 832 2511 julli
844 2454 947 2510 excudi,

53 2518 79 2561 in
86 2514 191 2573 fraudem
202 2516 296 2573 impulit.
314 2514 401 2562 Laurb.

88 2590 113 2631 7.
128 2578 195 2627 Mihi
206 2578 246 2639 ipfi
252 2610 259 2632 ‚
270 2582 351 2625 tnmnn
362 2582 439 2634 naon]
456 2582 517 2626 Non
528 2575 639 2641 displicet
654 2578 742 2626 vetetis
754 2576 810 2627 llbtl
822 2579 946 2645 scripturi,

55 2642 117 2689 mihi
127 2642 168 2703 a'pfi
176 2658 217 2687 nou
227 2645 318 2689 nomini.
352 2640 429 2690 Urlin.

38 2744 40 2751 ,
88 2714 111 2753 t.
129 2706 238 2751 „flatum
251 2710 371 2766 priorem]
393 2711 451 2765 Quae
468 2704 500 2751 ad
517 2704 661 2753 aedilitatem
680 2717 733 2752 tum
750 2705 873 2768 plebeiam
890 2719 946 2756 tum

55 2767 166 2817 curulem
183 2767 198 2814 s
209 2768 291 2816 edant
313 2769 384 2816 multi
402 2766 586 2833 diiigentillirne
602 2766 655 2816 sont
674 2770 790 2822 executi,
812 2768 944 2832 praesertim

56 2832 82 2879 Pi
100 2830 158 2881 hius
170 2782 208 2878 ael
214 2846 306 2879 annum
319 2847 389 2880 cerx.
407 2846 482 2896 agens
494 2832 525 2879 de
536 2832 652 2880 aedilitate
663 2831 759 2895 plebeia
770 2830 835 2879 libro
847 2837 879 2880 ll.
891 2837 948 2885 An·¹

55 2910 72 2943 n
101 2900 167 2951 ium,
185 2897 210 2945 δι
220 2896 263 2943 lib.
278 2901 319 2944 iV.
336 2893 367 2943 ad
380 2909 471 2943 annum
484 2911 653 2943 ‹:cexxevrr.
666 2894 697 2943 de
709 2894 802 2943 Catuli.
821 2900 892 2944 Duos
903 2911 947 2946 ve·

54 2974 83 3008 ro
101 2972 201 3007 tantum
219 2957 288 3007 fuiile
304 2960 393 3007 AEdiles
411 2961 503 3006 curules
519 2961 595 3008 cuivis
617 2961 694 3007 etiam
710 2958 814 3007 indocto
831 2974 946 3026 compet·

54 3036 110 3072 turn
120 3024 164 3075 est.
183 3039 258 3088 quare
269 3024 309 3070 hic
321 3038 372 3070 non
386 3024 555 3073 immoramur.
590 3028 689 3072 ¹Abram.

85 3104 111 3141 9·
129 3096 183 3134 cum
193 3093 232 3134 bac
242 3088 356 3149 mapella]
373 3092 410 3134 En
421 3088 536 3134 omnibus
549 3085 619 3136 libris
637 3088 690 3152 post
706 3106 740 3133 me
757 3088 889 3149 interpone
901 3086 947 3135 ad·-

51 3152 166 3201 terbium
183 3170 254 3206 ηιιιιι,
277 3165 303 3198 ut
321 3149 363 3206 iit,
381 3170 429 3198 turn
446 3156 485 3197 bac
500 3168 535 3197 me
551 3170 606 3197 nunc
618 3153 686 3213 peste5
704 3153 729 3200 &
749 3150 803 3213 post
816 3164 891 3213 pauca
902 3151 943 3199 ubi

53 3216 108 3271 est,
130 3218 187 3279 quin
205 3218 225 3261 ii
242 3234 256 3262 a
272 3218 348 3277 quitatis
364 3217 460 3262 dicebare
478 3215 549 3262 ron-‘iel
562 3246 569 3269 ‚
592 3230 637 3277 pro
654 3219 674 3262 ii
688 3213 825 3278 legendum
844 3218 893 3271 5115
916 3217 944 3267 δι

51 3278 123 3327 dieto
134 3282 190 3344 quin
200 3277 369 3327 transferenda
379 3277 434 3342 post
445 3280 523 3338 candal.
557 3279 673 3326 Fa'e'rnus.

86 3359 126 3391 ro.
147 3351 360 3407 mementoque
372 3347 419 3395 lum
431 3346 489 3402 rba]
504 3340 630 3390 Turnebus
642 3339 705 3388 libro
717 3356 758 3389 xx.
771 3355 823 3407 cap.
836 3358 875 3400 15.
887 3358 944 3392 ma-

50 3406 136 3467 lebat,
153 3421 248 3457 attamen
260 3424 269 3465 t
286 3405 355 3474 quod
366 3406 393 3457 in
405 3419 553 3459 contextum
563 3405 654 3471 recepit
666 3405 809 3457 Lambinus.
828 3412 919 3455 Gruter.

833 3547 870 3585 11.
888 3532 944 3593 Dis}
