2318 3914
195 132 284 201 Pro
305 132 344 204 C.
366 133 561 202 Rnnrnro
579 132 807 205 Posrurro.
869 140 951 227 2891

46 237 158 310 candi,
175 238 318 301 labentem
331 241 460 320 excepit,
480 252 613 300 corruere
631 255 694 299 non
707 255 724 289 ο
736 238 818 310 fivit,
835 242 909 303 fulsit
921 244 977 303 &0
990 240 1115 307 finitis&

50 315 185 378 srtllinuit
202 335 249 389 re,
268 320 393 391 fortuna,
403 318 474 379 fide:
495 318 640 395 hodieque
652 314 787 377 sustinet:
806 333 861 377 nec
880 322 953 379 ami-

52 408 131 453 cum
146 411 163 455 1¹
174 396 345 471 pendentem
357 413 489 455 corruere
501 397 618 472 patitur:
626 409 681 453 nec
687 394 759 453 illius
765 396 854 454 animi
860 398 951 457 aciem
958 418 974 469 p
989 405 1098 470 perden-

49 470 216 548 perstringit
224 471 352 549 splendor
363 473 404 532 sui
415 474 558 542 nominis,
571 473 601 511 ⁸⁶
614 488 669 530 nec
681 472 864 551 mentisquali
870 473 954 535 lutni-
959 482 1012 519 10⁰1
1024 474 1085 521 MS·

51 548 145 609 nibus
155 549 242 609 officit
253 548 372 609 altitudo
385 551 508 611 sortunae
527 550 558 609 &
569 548 678 627 gloriae.

101 625 239 686 Sintsane
251 626 427 705 illamagna,
445 645 511 763 apuae
525 644 555 687 re
566 644 634 686 vera
648 643 750 703 magna
768 626 839 687 sunt.
857 627 894 689 de
908 628 998 706 ju·44

57 700 142 763 dicio
163 702 254 762 animi
272 706 353 776 mei,
373 716 405 765 ut
418 723 459 764 vo
470 718 521 775 et,
539 705 659 783 quisque
674 705 782 764 sentiat.
799 722 856 781 ego
876 709 955 767 enim

55 776 137 839 hanc
150 780 180 839 in
193 780 278 841 tantis
289 780 489 859 opibus,tanta
501 780 826 852 sortuna,liberalitatem
838 784 869 842 in
881 784 956 856 suos,

56 859 236 917 memoriam
248 859 397 929 amicitiae,
416 860 528 938 reliquis
538 859 685 919 virtutibus
698 874 713 917 a
727 860 861 919 omnibus
879 872 976 945 ante-q
994 880 1090 933 omnib.

56 950 153 1016 pono.
172 938 270 1013 Quam
283 936 399 1013 quidem
412 954 482 1008 vos,
496 935 624 1013 judices,
645 938 767 995 innovo
784 953 889 1013 genere
901 937 1015 1008 bo-aacst
1025 948 1111 997 ianas·

57 1014 183 1073 nitatem
210 1010 369 1073 inusitatam
396 1014 475 1073 claris
504 1030 539 1073 ac
565 1012 785 1089 praepotentibus
809 1016 875 1074 viris
893 1031 954 1075 non

59 1088 156 1149 modd
175 1106 238 1149 non
249 1088 385 1166 aspernari
402 1108 437 1151 ac
456 1090 602 1161 refutare,
626 1090 674 1151 sed
694 1090 847 1167 complecti
865 1093 953 1153 etiam

61 1167 96 1227 δι
109 1184 212 1245 augere
224 1166 345 1227 debetis:
365 1168 396 1227 δε
408 1186 446 1228 eo
459 1168 564 1243 magis,
581 1166 661 1254 qubd
680 1166 795 1238 videtis,
813 1168 955 1248 hosquasr

59 1244 190 1322 sumptos
206 1244 265 1303 dies
284 1245 320 1303 ad
330 1244 553 1305 labefactandum
564 1243 636 1303 illius
647 1242 827 1319 dignitatem:
848 1263 884 1305 er
896 1265 953 1325 qua
1007 1310 1014 1321 ,
1035 1309 1041 1320 ,

58 1340 74 1372 r
85 1322 125 1381 illi
135 1320 205 1380 nihil
217 1320 325 1381 detrahi
337 1322 443 1398 potest,
462 1321 542 1399 quod
555 1336 616 1379 non
628 1331 677 1378 aut
688 1320 799 1379 sortiter
810 1322 973 1394 serar,aut1
988 1310 1051 1363 ’Μ
1062 1310 1088 1363 ‘¹

57 1395 145 1461 neue
155 1397 286 1458 restituat.
304 1398 498 1459 amicissimum
510 1398 660 1457 hominem
674 1394 694 1455 fi
708 1379 1076 1491 honesiatespolia·f‘⁸g‚ffen

58 1488 125 1536 tum
139 1475 274 1542 audierit;
292 1491 347 1534 nec
360 1475 419 1535 fine
430 1492 537 1553 magno
549 1475 649 1535 dolore
662 1474 748 1545 seret,
767 1492 821 1534 nec
840 1476 870 1536 id
882 1454 1056 1567 ami-sffm

56 1551 142 1622 serit,
161 1550 240 1630 quod
251 1550 348 1629 spolie
359 1552 448 1630 speret
459 1553 624 1627 recuperari.
642 1552 711 1609 Satis
725 1552 813 1612 multa
825 1555 952 1615 homini·
960 1584 996 1643 45
1055 1542 1063 1555 ’

59 1630 114 1691 bus
126 1646 188 1689 non
201 1629 207 1639 '
230 1629 301 1706 'quis
311 1628 376 1688 haec
388 1626 443 1688 effe
455 1627 574 1688 debent:
593 1627 678 1686 nimis
689 1628 775 1687 etiam
796 1633 884 1691 multa
896 1649 952 1693 vo·

56 1708 120 1775 bis,
138 1722 212 1783 quos
269 1704 392 1767 uiffimos
404 1703 458 1763 esse
473 1702 650 1763 confidimus.

98 1780 197 1843 XVII.
215 1782 305 1852 San,
324 1801 344 1838 u
355 1801 374 1840 r
393 1782 525 1841 omnium
538 1780 585 1842 vel
596 1780 742 1857 suspicioni
748 1782 810 1852 ,vel
823 1782 951 1843 maleno·
961 1796 987 1843 ι’.
1002 1796 1100 1850 cxxx.

55 1862 172 1931 lentiae,
190 1858 236 1919 vel
248 1856 403 1918 crudelitati
414 1858 539 1929 satisfiat,
558 1858 681 1918 occultat
692 1861 842 1934 pecuniam
855 1860 952 1920 Postu-

52 1948 143 2010 mus,
159 1938 247 1997 latent
258 1936 344 2012 regiae
355 1935 471 1996 divitiae.
496 1936 622 2013 tEcquis
635 1935 673 1993 est
684 1953 720 1993 ex
731 1948 811 1996 tanto
824 1937 969 2013 populo,r
986 1960 1018 2005 nr
1029 1957 1087 2023 quir

80 2018 111 2076 ui
125 2016 200 2077 bona
212 2013 247 2072 C.
259 2012 364 2073 Rabirii
376 2012 499 2072 Postumi
513 2014 542 2062 ⁸⁷
556 2028 680 2072 nummo
691 2012 813 2072 sestertio
834 2013 884 2073 fibi
901 2014 950 2075 ad·
959 2023 1015 2071 Mt.

1077 1457 1112 1495 011

82 2093 118 2153 'ci
131 2088 217 2153 velit?
236 2089 307 2159 Sed,
325 2090 456 2149 miserum
468 2093 532 2148 mc!
551 2088 734 2205 puantolraec
748 2089 805 2149 diri
819 2106 886 2150 cum
899 2092 953 2183 d.⁰.'.

56 2168 142 2235 rore?
159 2168 244 2241 hem,
261 2164 410 2239 Postume,
428 2178 498 2228 tune
518 2182 548 2227 es
576 2165 781 2240 ⁰Curulilrus,
800 2165 834 2227 C.
846 2168 953 2259 Rabrm

905 2264 956 2323 lut

95 2415 137 2461 86.
155 2411 508 2477 Naamaarlaquafilumiuilur.]
523 2408 668 2461 'translatio
679 2408 762 2467 abiis,
779 2410 953 2476 quammulti-

58 2472 224 2528 muniamini
234 2473 313 2525 officit
323 2474 469 2526 inferiorum
480 2471 577 2524 adium.
594 2474 693 2539 Proprie
703 2475 747 2524 lib.
759 2478 791 2524 ll.
810 2473 883 2524 offic.
901 2482 952 2523 Da-

58 2540 139 2589 mlira'
148 2542 200 2588 aues
205 2541 278 2602 J‘uffus
288 2540 331 2601 ast,
341 2556 436 2605 purarum
446 2541 541 2586 altitudo
552 2538 640 2600 afficeret
649 2539 762 2601 auspiciis.
779 2538 912 2588 Translate
922 2539 951 2589 in

57 2606 151 2653 Bruto:
162 2608 250 2653 catanis
259 2606 380 2651 luminibus
389 2604 495 2655 abstruxit
505 2604 546 2648 bac
553 2602 695 2666 posteriorum
705 2603 769 2667 quast
775 2616 903 2666 exaegerata
914 2606 952 2650 us·

57 2668 205 2717 sincratio.
237 2670 299 2716 Non
315 2666 438 2733 impedit,
455 2664 555 2778 inanit,
577 2663 672 2713 summa
689 2664 790 2713 casaris
805 2664 907 2714 fortuna
922 2668 951 2717 dc

53 2730 157 2798 ¹gloria,
174 2732 325 2795 quominus
342 2745 390 2790 ea,
413 2745 468 2797 qua
503 2727 579 2785 eber,
600 2742 672 2777 mens
688 2728 756 2777 illius
773 2741 857 2777 cernat
874 2740 951 2795 atque

59 2792 202 2861 prospiciat.
218 2800 246 2844 P.
257 2800 349 2846 maur.

92 2866 132 2914 87.
148 2865 242 2908 Nummi
249 2858 346 2920 sestertia
352 2858 396 2919 fili
407 2858 483 2906 addici
493 2858 570 2915 velia]
585 2854 635 2921 Qri
645 2868 675 2903 ea
685 2853 746 2902 velit
757 2867 839 2904 emere
849 2856 891 2904 rel
902 2856 953 2905 mi·

59 2920 133 2971 nima
148 2920 274 2988 pecarnis,
290 2922 398 2970 minimo
412 2922 513 2987 pretio?
536 2920 575 2969 Sic
591 2920 659 2969 enim
670 2932 763 2969 veteres
774 2918 951 2984 loquebantur.

57 2984 179 3052 Epitome
188 2986 293 3035 Liviana
303 2985 348 3035 lib.
361 3001 402 3035 tv.
420 2984 520 3046 Sestertio
530 3000 619 3032 nummo
628 2988 709 3033 veniit.
742 2982 862 3033 Pedianus
872 2984 951 3032 etiam

57 3046 128 3099 bona
139 3048 259 3107 Milonis,
276 3062 377 3126 propter
386 3048 438 3098 aris
449 3048 524 3097 alieni
535 3044 855 3122 magnitudinem,veniiss'e
867 3048 901 3094 ait
913 3046 952 3095 se-

57 3110 174 3162 muncida
190 3112 217 3161 id
227 3114 261 3162 est
271 3114 392 3163 mimmo:
409 3126 470 3161 nam
479 3109 602 3161 semuncia
613 3111 646 3159 est
660 3108 778 3177 vigesima
790 3121 878 3171 quarta
889 3107 950 3173 'pars

56 3174 123 3227 allis.
156 3182 190 3227 Et
205 3177 316 3227 valerius
331 3182 402 3227 Mar.
414 3175 458 3225 lib.
470 3190 494 3226 v.
509 3190 531 3224 e.
544 3192 567 3225 2.
584 3176 611 3222 in
627 3173 713 3222 funere
730 3174 806 3221 Hirtii
822 3174 849 3221 be
866 3174 948 3223 Panse

57 3238 95 3290 ait
106 3254 165 3298 eos,
182 3241 225 3305 qui
234 3241 360 3292 libitinam
370 3236 643 3303 exercebanr‚periillc,
656 3251 683 3284 ut
694 3234 865 3300 exsequiarum
875 3248 952 3303 appa·

56 3315 128 3355 ratus
144 3303 252 3356 sestertio
268 3319 373 3356 nummo
389 3305 398 3353 i
417 3302 447 3353 fis
462 3300 624 3369 praebentibus
635 3299 794 3348 addiceretur.
827 3301 953 3351 vitruvius

58 3369 176 3434 quoque,
191 3366 234 3419 ubi
245 3370 276 3420 de
287 3367 385 3434 salapia
394 3320 519 3433 linquitur:
538 3373 616 3413 ,Areas
626 3365 719 3425 dictast,
736 3378 865 3431 nummoque
875 3366 955 3429 sester-

54 3435 90 3483 n'a
97 3434 192 3495 fingatis
201 3437 346 3498 municipibus
358 3435 464 3497 mancipia
474 3432 543 3480 dedit.
561 3428 640 3479 Idem.

91 3504 132 3551 ⁸8.
149 3499 321 3564 curiusfiliusal
335 3500 424 3565 snpra:
440 3497 564 3549 Fuitaaiau
570 3492 719 3564 parabata
728 3496 865 3562 iujarpaarr
875 3500 898 3543 e.
912 3499 955 3569 cir·

900 3573 960 3615 aaut.
