2318 3914
237 126 319 207 mm
554 128 851 203 Onurro.

79 208 227 322 ffimmm
239 228 315 285 Haec
328 227 485 287 audivimus
496 226 534 287 de
548 229 777 291 *clarissimorum
797 230 923 291 vitonum
944 231 1065 293 consilis
1088 230 1123 293 bt

17 312 19 339 ²
80 340 107 387 P·
115 306 213 388 mn·
239 304 332 365 fauts:
352 304 597 380 haectccepimus,
614 307 678 365 haec
688 306 814 383 legimur.
831 324 983 385 nequeeut
993 312 1022 369 in
1034 307 1121 369 laude

238 381 343 458 postor
354 381 499 450 uidemus,
518 383 567 459 qui
580 385 728 442 incitarunt
740 384 889 460 aliquando
902 386 999 461 populi
1009 385 1124 445 animoa

240 458 276 519 ad
288 458 467 527 seditionem,
487 460 589 535 autqui
599 460 747 535 largitione
754 474 894 521 caecarunt
908 475 1018 523 mentes
1028 462 1121 537 impe·

216 544 219 549 '
239 537 375 602 ritorum,
394 536 497 612 autqui
512 536 600 595 sortes
617 538 650 595 δε
662 536 751 596 cirros
765 540 839 597 viros
858 539 889 596 &
901 538 975 599 bene
987 538 1025 599 de
1107 568 1124 583 ·

239 612 309 671 blica
324 613 476 673 meritorio
488 612 623 673 invidiam
630 612 943 689 diquamvocareruut.
961 617 1057 677 bever
1109 628 1123 673 t

238 689 346 765 semper
360 689 444 748 nostri
456 688 602 759 homines,
621 691 652 747 &
665 688 798 762 audaces,
820 693 851 751 &
865 691 970 759 malos,
990 690 1122 765 &petui-

238 767 327 825 ciosos
341 769 416 825 cives
429 778 604 840 putaverint.
629 767 671 825 nt
684 769 753 827 vetd
766 768 814 844 qui
827 768 930 828 horum
943 769 1067 843 impetur
1079 768 1122 828 .&

238 854 355 903 conatus
367 840 563 918 represserunt:
582 844 631 919 qui
636 844 817 914 auctoritate,
836 842 972 930 quidde,
985 846 1037 921 qui
1049 860 1122 903 cou-

238 917 351 988 stantii,
370 920 419 997 qui
426 919 618 992 magnitudine
630 920 734 989 animi,
752 920 872 981 consiliis
883 919 1035 981 audacium
1046 918 1122 981 testi-

82 1029 99 1078 b
114 1026 208 1077 ordinis
238 1007 353 1055 terunt:
373 998 520 1071 iigraver,
538 996 557 1053 ii
570 998 723 1073 principes,
742 999 763 1055 ii
775 996 875 1066 duces,
894 997 914 1055 ii
928 996 1057 1057 rudore·
1068 996 1123 1057 lut-

83 1093 208 1152 &aesttn
233 1073 281 1206 jsus
307 1072 431 1131 bordinia
451 1070 482 1130 &
504 1073 640 1149 dignitatis
665 1086 750 1151 atque
776 1074 888 1151 imperii
906 1074 1016 1149 semper
1036 1072 1122 1133 habiti

49 1161 67 1183 ·-
82 1160 144 1205 auis.
250 1162 308 1207 unt.
548 1200 552 1208 .

178 1234 233 1288 140
280 1224 401 1283 LXVII.
421 1226 493 1297 Ac,
514 1244 560 1285 ur
574 1226 634 1302 quis
647 1242 683 1283 ex
702 1224 798 1284 uoslro
816 1236 864 1285 rut
876 1224 1037 1302 aliquorum
1050 1242 1121 1303 prte-

238 1301 314 1362 reret
329 1302 391 1361 casu
402 1301 548 1362 huncvitae
562 1306 637 1360 viam
651 1303 838 1376 pertimescat:
857 1319 929 1361 unus
940 1303 971 1361 in
983 1302 1039 1362 hac
1050 1302 1121 1361 ciri-

238 1392 311 1446 tate,
330 1396 416 1456 quem
430 1381 545 1456 quidem
558 1396 612 1454 ego
631 1379 730 1453 poffim
744 1378 854 1447 dicere,
879 1378 1011 1454 praeclare
1028 1379 1071 1437 vir
1083 1378 1120 1439 de

237 1456 377 1530 republica
391 1458 505 1514 meritus
519 1456 585 1525 ,.L.
598 1455 751 1530 Opimius,
777 1452 960 1530 indigniffime
981 1454 1120 1515 concidit:

237 1533 315 1606 cujus
328 1547 546 1591 monumentum
566 1531 777 1591 celeberrimum
795 1534 825 1590 in
845 1536 926 1600 foro,
944 1531 1119 1606 sepulchrum

240 1608 448 1668 desertissimum
462 1610 491 1668 in
503 1609 597 1667 littore
604 1608 802 1685 Dyrrhachino
815 1608 942 1667 relietum
955 1607 1004 1667 eli.
1021 1609 1118 1685 Atque

238 1687 315 1746 burc
327 1686 591 1761 tamenflagrantem
597 1683 702 1745 invidii
708 1696 820 1762 propter
832 1685 975 1743 interitum
989 1684 1119 1745 C.Grac·

164 1816 166 1821 ⁴
240 1763 286 1821 chi
304 1761 411 1838 semper
425 1763 479 1839 ipse
493 1760 610 1838 populus
617 1763 762 1821 Romanus
768 1761 899 1896 periculo
912 1761 1049 1821 liberavit
1068 1760 1119 1821 alit

237 1839 367 1915 quaedam
376 1840 469 1899 civem
481 1839 625 1914 egregium
637 1838 727 1914 iniqui
733 1839 767 1911 ju
787 1840 833 1896 icii
845 1836 966 1914 procella
978 1838 1120 1913 pervertit.

205 1915 415 2069 wilibisi}
426 1913 1121 2069 blltlllllttllltt‘uerteret

226 2040 233 2055 ·
295 2035 304 2062 2

236 2070 304 2128 cati:
326 2081 374 2127 aut
387 2012 508 2129 oduino
520 2069 686 2127 invulnerati
703 2068 886 2145 inviolatique
897 2068 1036 2127 vixerunt
1079 2070 1120 2129 At

237 2146 308 2203 verb
321 2146 358 2214 il,
377 2145 546 2278 ςᾳίἑςηαῐΐιε
560 2144 722 2232 consilium,
743 2145 792 2279 qlui
810 2144 1006 2279 auetoritgtcem
1027 2144 1121 2233 bono·

78 2286 184 2387 ppo
238 2232 1120 2373 {lbt§libelli-mturare{abstinebit}

79 2398 97 2456 p
112 2373 212 2459 jt'rcundi
238 2373 563 2451 ferereipublicaepoenas
576 2386 624 2434 aut
636 2374 761 2453 presenti
775 2386 882 2444 morte,
902 2386 949 2433 aut
961 2375 1036 2451 turpi
1050 2374 1120 2437 exfi-

80 2464 161 2524 deesttn
172 2467 226 2513 MS.
238 2450 278 2510 lio
291 2451 492 2527 dependerunt.

175 2546 226 2603 141
277 2527 367 2604 Qubd
379 2528 398 2586 fi
412 2527 485 2603 apud
491 2528 689 2598 Athenienses,
708 2526 838 2587 homines
852 2529 984 2599 Graecos,
1004 2526 1121 2604 longdd

236 2604 395 2663 nostrorum
415 2604 566 2664 hominum
585 2606 719 2681 gravitate
739 2604 905 2680 disjunsios,
924 2622 985 2663 nou
1004 2604 1121 2665 deerant

237 2682 287 2757 qui
300 2681 499 2756 rempublicam
514 2692 609 2741 contra
616 2681 712 2757 populi
718 2683 904 2741 temeritatem
918 2680 1120 2751 defenderent,

238 2758 304 2816 cunt
319 2777 434 2827 ornnes,
454 2760 502 2835 qui
516 2760 554 2817 ita
568 2760 691 2817 fecerant
706 2800 715 2828 ,
741 2757 757 2814 ὲ
770 2760 882 2829 civitate
895 2759 1078 2834 ejicerentur:
1097 2758 1120 2819 li

237 2834 460 2895 Themistoclem
468 2835 563 2903 illum,
583 2835 807 2893 conservatorem
821 2835 933 2911 patriae,
952 2851 1014 2893 nou
1028 2833 1121 2893 deter-

237 2911 291 2973 ruit
305 2909 321 2969 i
335 2911 472 2987 republica
486 2910 661 2973 defendenda
672 2927 725 2973 uec
740 2911 873 2971 Miltiadis
886 2910 1050 2998 calamitas,
1070 2912 1119 2989 qui

1042 2986 1120 3049 illam

267 3156 307 3197 γι.
325 3141 575 3208 Acueqm‘srxnostro
586 3143 645 3201 dre]
672 3141 768 3207 Usque:
784 3143 856 3188 civem
866 3143 974 3205 egrqqium
992 3140 1117 3193 destitutio

234 3208 321 3257 Irene.
333 3204 418 3257 Dresd.
426 3208 452 3255 bc
463 3204 519 3254 edd.
527 3218 587 3255 vett.
606 3206 720 3271 Pericope
733 3220 792 3253 vero
803 3203 853 3253 hare
863 3205 952 3253 inillis
964 3203 997 3253 ste
1008 3206 1115 3270 legitur:

235 3272 395 3334 1iprinc1pes,
417 3272 528 3326 iidmes,
548 3273 674 3317 iiauclms
690 3273 754 3329 hujus
770 3272 852 3316 ordinis
878 3271 904 3321 ἐν
921 3272 1037 3331 diguitatis
1052 3282 1120 3334 atqu

234 3334 326 3393 imperis
331 3336 412 3396 semper
421 3335 565 3395 babitisunt,
582 3335 607 3385 (α’
615 3335 637 3392 fi
646 3350 698 3397 quos
708 3350 780 3379 eorum
790 3349 829 3379 aur
839 3335 914 3396 iniqui
921 3334 1008 3391 judicii
1017 3336 1120 3399 quadan

231 3396 326 3458 precelsa
335 3399 428 3453 evertit,
438 3410 478 3447 aar
488 3400 566 3462 aliqua
577 3401 614 3445 vis
625 3396 744 3459 tempestate
751 3399 842 3458 perculit
851 3398 970 3459 popularis.
987 3400 1017 3447 1n
1028 3398 1119 3449 Ptine·

233 3458 337 3531 legittu:
354 3462 430 3529 aliqua
440 3464 550 3527 raepmtira
558 3462 598 3512 eis
607 3473 672 3529 arque
681 3459 891 3527 temperamentis
897 3462 1017 3527 popularis.
1037 3462 1121 3579 Grgr.

1012 3538 1054 3586 Π·
1090 3542 1120 3579 Ι·
