2318 3914
201 206 205 214 .
305 167 422 235 Ριιο
464 165 776 236 P.errro.
899 185 981 256 2437

48 280 51 287 '
97 274 162 330 riam
171 270 329 333 confidatis
343 273 416 341 mei,
436 270 502 331 clim
515 270 583 331 liene
595 272 737 331 universus
746 272 819 333 ordo
833 274 980 335 cincinna-

96 360 153 407 tum
170 350 316 408 consulem
330 349 434 409 orabat.
452 367 518 407 nam
533 350 601 407 alter
612 350 658 407 ille
680 348 808 407 horridus
826 352 856 410 &
869 351 979 411 severus

94 424 224 484 consulto
231 425 258 483 se
270 425 351 485 domi
362 425 530 484 continebat.
549 425 636 502 hQuai
649 438 710 484 tum
724 426 845 501 superbiai
858 445 972 487 coenum
1019 430 1051 476 ’Ῥ-
1060 427 1087 477 ⁸·

93 500 158 560 illud
178 519 214 560 ac
234 500 309 561 labes
333 502 489 577 ampliffimi
510 501 613 561 ordinis
641 520 736 578 preces
769 504 798 560 δε
817 490 1004 563 clarillimo·h
1020 504 1115 555 ‘lum‘

51 600 54 607 ·
94 595 153 636 rum
161 575 595 665 civiumlacrymasrepudiavit?
615 580 757 653 meipsum
771 580 975 657 utcontempsrt
986 555 1035 621 sup.
1044 557 1115 606 ωε·

92 653 186 714 helluo
193 656 313 730 patriae?
332 672 399 714 nam
411 654 478 732 qurd
492 671 546 729 ego
560 656 720 730 patrimonii
733 656 844 725 dicam,
865 657 976 733 “quod

93 729 214 789 illeoum
221 730 442 810 quasiquaellum
455 733 575 800 laceret,
595 732 703 791 amisit?
724 732 797 791 Cum
811 729 927 793 ve'nillet
940 734 977 793 ad

92 806 240 878 senatum,
260 826 329 879 vos,
348 810 481 885 inquam,
501 809 607 884 equites
621 810 745 870 Romani
764 812 794 867 &
808 826 909 868 omnes
925 810 977 869 bo-

93 884 137 953 ni,
157 883 368 955 vestemutati,
389 904 457 954 vos,
475 886 607 963 inquam,
627 903 679 961 pto
693 904 760 945 meo
775 888 866 962 capite
879 886 913 945 ad
927 904 975 961 pe·

94 958 138 1019 des
150 960 270 1021 lenonis
282 962 455 1038 impuriffimi
475 961 640 1039 projecistis,
659 962 739 1021 icurn
756 1005 764 1032 ‚
784 962 877 1021 vestris
888 964 977 1039 preci·
990 956 1004 1034 i·
1015 958 1079 1031 ”sim
1089 958 1119 1004 ’ὅ

59 1104 62 1109 ,
95 1036 141 1097 bus
155 1036 354 1098 dtlatroneillo
368 1058 398 1098 re
418 1038 535 1109 odiatis,
555 1039 598 1096 vir
611 1039 764 1098 incredibili
777 1039 848 1107 fide,
870 1042 978 1116 magni·
990 1021 1124 1097 odierno·

59 1104 66 1153 ἶ
95 1114 193 1173 tudine
209 1115 317 1186 animi,
338 1134 373 1176 co
415 1116 503 1183 antii,
524 1116 745 1175 L.kMummius
765 1115 800 1175 ad
812 1115 980 1177 senatumde
993 1099 1084 1197 ἔξω

96 1191 238 1265 republica
246 1192 345 1251 retulit.
362 1192 525 1273 senatusque
537 1193 667 1270 frequens
680 1192 784 1253 vellem
797 1210 849 1269 pro
864 1210 927 1252 mea
940 1193 981 1253 sa·
993 1212 1011 1260 u
1022 1209 1131 1261 uinnirn

98 1264 449 1337 lutemutandamcensuit.
992 1277 1068 1327 MSS.

133 1344 198 1404 Xll.
219 1345 252 1405 Ο
274 1364 371 1405 nrru
385 1346 480 1416 illum,
496 1346 620 1422 judices,
640 1347 779 1407 funestum
799 1346 904 1409 smatui
928 1348 980 1407 bo·
992 1357 1028 1413 η

99 1418 196 1506 niaque
208 1422 359 1481 omnibus!
379 1424 538 1501 reipublicae
550 1423 705 1484 ludiuosum
722 1430 729 1483 !
751 1424 820 1483 mihi
833 1424 869 1484 ad
881 1425 986 1485 dome-
1068 1471 1071 1475 -
1119 1433 1121 1437 ’

67 1540 70 1545 -
99 1498 198 1557 ilicum
224 1516 378 1560 maerorem
397 1505 536 1577 gravem!
575 1500 610 1560 ad
629 1501 791 1577 posteritatis
815 1503 987 1563 memoriam

96 1574 267 1653 gloriosum!
289 1577 368 1652 Quid
380 1579 457 1640 enim
470 1579 614 1669 quisquam
628 1578 717 1654 potest
731 1597 765 1638 ex
779 1581 860 1637 omni
872 1594 987 1638 memo-

70 1694 73 1699 -
98 1654 134 1710 tia
145 1651 262 1713 sumere
274 1651 414 1723 illustrius,
436 1673 523 1732 quam
556 1672 588 1713 ro
600 1656 728 1715 unocive
742 1658 772 1713 &
785 1654 875 1714 bonos
882 1673 984 1715 omnen

69 1762 73 1769 ·
100 1730 208 1807 privato
215 1729 370 1803 consensu,
390 1734 421 1791 dc
433 1733 517 1792 unive
542 1749 591 1791 um
604 1731 728 1794 senatum
743 1730 855 1808 publico
869 1731 986 1792 oonfilio

101 1806 353 1868 mutaffevestem?
393 1809 559 1886 uaequidem
573 1820 633 1868 tum
649 1811 769 1868 mutatio
782 1825 842 1867 non
855 1807 989 1884 depreca-

102 1885 183 1947 tionis
197 1882 281 1945 cauli
296 1886 333 1944 est
344 1826 433 1956 fagia,
452 1885 499 1945 sed
513 1884 609 1944 ludius.
629 1888 749 1962 ⁶⁶quern
766 1885 841 1943 enim
855 1884 989 1961 deprecan

104 1973 217 2032 untur,
248 1963 316 2022 cunr
331 1980 430 2022 omnes
443 1961 528 2022 client
540 1961 670 2021 sordidati
685 1960 697 2019 ?
723 1962 845 2038 cumque
856 1961 914 2021 hoc
927 1963 990 2022 satie

105 2036 164 2097 effet
170 2038 268 2116 figni,
290 2035 343 2096 elle
355 2040 534 2115 improbum,
553 2039 602 2113 qui
615 2038 720 2097 mutati
735 2039 807 2096 velle
828 2055 888 2097 non
902 2037 988 2099 effeti

105 2114 162 2175 Hac
168 2118 336 2175 mutatione
342 2117 421 2174 vestis
429 2115 516 2185 faeti,
536 2118 651 2173 tantoin
664 2115 741 2175 tuctu
754 2115 888 2185 civitatis,
902 2114 990 2174 omit-

108 2193 213 2269 torquid
225 2192 277 2253 ille
291 2193 430 2261 tribunus,
451 2194 580 2252 omnium
594 2210 686 2250 rerum
705 2192 862 2253 divinarum
884 2192 989 2254 liuma-

108 2285 262 2349 nammque
282 2269 381 2346 praedo
400 2271 519 2328 fecerit:
538 2269 588 2345 qui
609 2266 701 2328 adelle
719 2268 899 2330 nobiliffimos
919 2269 992 2329 ado·

105 2342 253 2418 lesccntes,
273 2346 477 2409 honestillimos
496 2349 602 2423 equites
617 2347 778 2415 Romanos,
799 2345 993 2421 deprecatores

105 2422 188 2483 salutis
202 2440 286 2483 meae
293 2419 416 2498 jufferit,
436 2441 541 2500 eosque
555 2439 703 2497 operarum
717 2423 826 2481 suarum
840 2422 936 2498 gladiis
960 2424 992 2481 lic

106 2498 239 2576 lapidibus
254 2499 410 2574 objecerit:
431 2500 466 2559 de
480 2498 635 2558 consulibus
646 2498 749 2576 loquor
763 2541 773 2569 ,
800 2516 922 2578 quorum
936 2496 992 2558 fide

107 2576 431 2654 respublicanitidebuit.

136 2654 331 2716 Exanimatus
345 2653 438 2711 evolat
452 2670 486 2711 err
501 2651 594 2710 senatu
609 2694 618 2720 ‚
638 2669 697 2710 non
718 2650 809 2711 minlts
832 2651 992 2727 perturbato
1003 2652 1041 2714 28

109 2736 199 2795 animo
220 2741 313 2807 atque
328 2730 406 2789 vultu
421 2773 429 2798 ,
450 2728 536 2805 qu'am
550 2727 569 2790 si
584 2729 678 2804 paucis
691 2726 755 2786 ante
769 2729 847 2789 annis
861 2728 994 2789 incredi-

109 2826 198 2872 mmm
212 2817 396 2867 conventum
410 2804 546 2865 incidillet
561 2826 568 2863 :
594 2806 715 2864 advocat
729 2806 900 2863 concionem
918 2825 925 2864 ι
944 2804 995 2866 ha-

110 2888 147 2948 let
159 2887 334 2947 orationem
348 2883 431 2940 talem
448 2882 558 2950 consul,
577 2882 688 2958 qualem
704 2899 860 2958 numquam
876 2882 997 2943 Catilina

110 2966 192 3031 iiiior
203 2957 369 3023 habuillet:
391 2960 487 3020 Errare
501 2959 646 3030 homines,
666 2958 783 3018 lienam
796 2972 857 3019 tum
872 2958 999 3097 senatqlqr

38 3167 46 3253 ἐ
135 3204 171 3255 65.
189 3195 268 3254 Quod
277 3194 319 3240 ille
329 3209 377 3264 cum
388 3192 451 3265 quast
458 3192 558 3256 quqslum
565 3193 661 3252 faceret,
677 3193 758 3251 νηῶν.
787 3196 845 3249 Vos,
861 3208 900 3264 vot
912 3191 1003 3256 inquam

38 3284 48 3318 ³
115 3253 1002 3378 pinynnsqffuogquw133125333332013335

38 3400 54 3442 ’ς
118 3322 429 3449 πᾶὶξιᾙῗαέκωζ
445 3402 497 3441 vos,
514 3342 553 3431 zm
565 3338 665 3447 inquZm.
683 3337 783 3432 gamer.
896 3353 905 3376 '
995 3351 1004 3367 ο

38 3476 56 3505 υ
142 3460 177 3506 ίί.
193 3454 277 3519 Qum
287 3451 350 3500 enim
359 3451 526 3514 deprecatorum]
540 3449 612 3508 Efferat
621 3450 727 3512 deprecati
738 3445 829 3499 melion
839 3446 923 3499 leffio·
940 3444 1006 3503 vrfi-

122 3530 158 3571 Ι,

378 3654 381 3659 ,
460 3577 674 3643 errimus
773 3670 776 3675 Ι
904 3570 1015 3638 ‘nbi-
