2318 3914
204 166 288 251 κβ
522 163 767 233 Ounrro

204 273 321 334 Coelius.
338 271 456 333 &multi
462 270 518 331 hoc
525 271 602 332 idern
617 274 740 335 uotoni
751 273 851 334 ordine
864 281 950 363 atque
963 289 1001 335 en
1015 274 1092 335 omni

206 362 290 409 aetate
303 352 439 410 fecerunt.
456 348 552 407 habuit
565 349 642 407 enirn
648 348 711 419 ille,
731 348 811 410 sicuti
824 348 983 410 meminisse
989 368 1041 411 vor
1051 368 1094 411 at·
1106 418 1109 423 ,

203 426 306 497 bitror,
314 425 450 503 permulta
457 425 644 485 maximarum
651 442 710 485 non
717 424 838 504 expressa
845 426 919 503 signa
927 426 990 497 ,sed
996 426 1093 487 adun
1106 428 1109 443 '

204 503 281 562 brata
295 507 439 564 virtutum.
471 501 598 561 utebat'irr
611 500 774 563 hominibus
787 504 922 579 improbis
935 502 1045 563 multis:
1062 504 1105 563 bt·

224 580 319 639 uidem
335 580 449 655 optimis
461 579 489 637 se
497 577 561 637 viris
568 577 694 637 deditum
702 577 757 638 effe
763 579 915 643 simulabat.
935 578 1092 659 erantapud

202 597 281 717 flium
294 653 582 715 illecebraelibidinutn
590 653 1028 717 rnuitaeretantetiaminduiitiae
1052 654 1101 717 ui·-

206 733 272 793 dam
290 726 393 791 iiimuli
412 748 445 790 ac
462 730 578 790 laboris(
600 730 749 807 flagrabant
761 734 829 792 vitia
839 731 961 792 libidinis
976 750 1014 809 ap
1059 730 1092 791 n-

203 808 279 869 ium:
300 809 431 884 vigebant
444 808 530 864 etiam
543 805 628 866 studia
641 809 682 866 tei
695 807 828 869 militaris
852 826 947 886 neque
959 826 1017 887 ego
1029 824 1092 869 utn-
1111 862 1117 883 ⁵

204 904 291 963 quarn
306 882 383 943 fuisse
396 882 450 941 tale
465 883 618 942 monstrum
632 883 663 941 in
675 885 753 943 tetris
765 885 852 943 ullum
866 896 955 962 puto,
981 898 1045 945 tarn
1055 902 1090 947 ex
1111 907 1117 959 ;

204 962 349 1021 contrariis
368 958 534 1035 diversisque
553 956 664 1018 intense
677 961 860 1037 pugnantibus
880 972 990 1021 naturae
1002 958 1092 1023 undu
1111 984 1114 989 ·

205 1037 454 1113 cupiditatibusque
464 1034 628 1095 conflatum.
810 1054 813 1059 ·

160 1149 195 1210 13
244 1114 296 1172 VI.
318 1115 418 1189 Qurs
437 1111 595 1171 clarioribus
611 1112 676 1175 viris
695 1114 820 1191 quodam
843 1125 974 1201 tempore
995 1114 1117 1181 Ὦπιν.

206 1189 288 1251 dior?
306 1190 368 1267 quis
380 1189 546 1265 turpioribus
559 1189 756 1265 conjtrnetiorr
784 1192 845 1269 quis
856 1191 925 1250 civis
939 1208 969 1251 m
1002 1194 1106 1251 'orum-

79 1288 162 1340 2¹10.
204 1267 324 1345 partium
338 1264 508 1343 aliquando?
526 1266 587 1343 quis
599 1268 704 1327 taettior
717 1268 801 1327 hostis
812 1266 1013 1328 huiccivitati?
1030 1260 1117 1345 qrtitss

205 1347 237 1404 in
249 1343 435 1419 voluptatibus
447 1342 637 1418 inquinatior?
656 1344 718 1431 quis
727 1347 758 1403 in
767 1344 905 1403 laboribus
937 1334 1088 1403 atieutior?

206 1421 269 1499 quis
281 1422 310 1478 in
322 1420 470 1494 rapacitate
482 1418 608 1477 avarior?
627 1422 724 1497 qursin
735 1421 905 1497 largitiones
928 1418 1023 1481 usion?
1040 1416 1088 1479 nia

206 1498 294 1565 vero,
308 1495 434 1573 iudices,
452 1495 481 1553 in
494 1494 541 1554 illo
553 1494 672 1555 homine
686 1498 819 1575 mirabilia
825 1498 1090 1585 fuerunt,ootnpo·

207 1572 331 1633 bendere
345 1572 447 1631 multos
459 1570 594 1639 amicitis,
612 1573 683 1631 tueri
696 1572 830 1651 obsequio
844 1615 854 1644 ,
879 1572 1089 1633 cumomnrbut
1103 1642 1107 1649 ¹

210 1650 421 1709 communicare
432 1646 510 1725 quod
521 1647 655 1718 habebat,
679 1646 779 1708 servire
790 1650 965 1726 temporibus
976 1649 1087 1710 suorum

210 1730 340 1786 omniurn
355 1723 486 1799 pecunii,
493 1723 838 1804 gratiidaborecotporis,
850 1737 877 1775 ¹⁷
885 1727 1087 1795 scelereetitm.
1115 1794 1117 1799 ,

208 1803 228 1863 fi
243 1822 312 1879 opus
326 1799 408 1872 effer,
428 1798 594 1861 &audaciir
618 1802 757 1862 ¹⁸vetsare
769 1803 846 1863 suam
859 1816 990 1862 naturam
1002 1804 1034 1863 δι
1045 1818 1088 1863 re·
1109 1806 1117 1837 ¹¹

51 1883 199 2002 purificet.
209 1898 275 1957 gere
288 1879 323 1939 ad
337 1892 447 1956 tempus
462 1919 471 1947 ,
498 1888 582 1953 atque
594 1877 651 1936 huc
670 1880 700 1936 &
718 1878 782 1937 illuc
795 1898 810 1940 r
823 1892 956 1955 torquere
969 1894 986 1940 r
999 1880 1031 1939 bc
1042 1876 1104 1939 ssew

89 1962 155 2015 torq.
208 1956 296 2015 sister
317 1973 383 2016 curn
396 1954 512 2015 tristibus
521 1952 632 2024 severs,
650 1971 717 2013 cunr
731 1956 844 2015 remiffis
856 1952 996 2031 jucundd‚
1021 1970 1083 2015 curn

206 2034 313 2092 senibus
319 2032 453 2108 graviter,
473 2047 539 2088 cum
550 2029 697 2104 juventute
710 2033 847 2102 comiter,
866 2049 934 2091 cum
946 2032 1085 2092 facinoro-

210 2109 403 2176 fisaudaciter,
424 2105 896 2192 cumlibidinosisluxuriosbvivete.

170 2183 1091 2341 ’401111ιὲ1111111111111118ἱῗὲἔὲέςζιῗὲςὲιῗὲξῗ

652 2374 682 2407 ,1.
1033 2346 1084 2397 nt}

246 2508 284 2546 17.
302 2495 384 2541 Scelere
392 2491 474 2547 etiam,
477 2489 499 2549 fi
507 2491 778 2554 opusmfitssaudaer'eid
794 2476 1083 2559 Copulamlnonngnosd!
1114 2512 1117 2521 ¹

215 2555 306 2607 Erfurt.
319 2558 345 2604 bt
357 2555 444 2603 rebiius
456 2554 528 2602 abest,
560 2556 598 2603 Sic
609 2556 676 2604 euim
687 2557 838 2607 scribendum
853 2574 860 2604 :
882 2559 964 2607 Scelere
977 2562 1057 2611 etim.
1064 2552 1083 2613 1

218 2635 268 2685 opus
279 2620 324 2679 effer
334 2618 441 2675 audacis,
457 2614 548 2666 scilicet
559 2618 589 2666 ad
601 2615 676 2668 scelus
686 2622 749 2671 iilud
759 2621 914 2686 patrandum.
932 2621 999 2669 Hinc
1009 2616 1083 2677 statim

217 2701 266 2732 cum
272 2683 398 2743 facinorosis
407 2684 518 2730 audaciter
529 2685 613 2731 vivere.
629 2687 710 2735 Graev.

253 2756 288 2795 ιε.
309 2747 463 2807 Versaresuam
478 2741 580 2794 natura'm
597 2747 623 2798 sa
639 2763 708 2810 regere
723 2750 866 2812 adstrepere]
897 2751 959 2798 Non
973 2746 1086 2811 impilm

216 2810 330 2859 codicum
340 2810 452 2858 omniurn
462 2805 611 2873 scripturam.
628 2810 730 2860 Videtur
739 2812 807 2860 enim
817 2826 996 2874 regennarum
1006 2812 1094 2857 edm.

213 2888 255 2937 pus
265 2871 312 2921 esse
322 2888 366 2937 pro
377 2874 473 2922 rarione
483 2875 602 2937 temporis
612 2870 812 2940 suumingenium
823 2873 855 2923 stc
866 2868 1085 2932 moderariuttsetd
1098 2924 1101 2929 ,

216 2938 284 2986 iilius
295 2939 413 3000 temporis
423 2936 594 2985 conditionem
607 2940 632 2986 δι
643 2937 774 2987 hominum
789 2937 883 2987 sensum
898 2953 926 2986 ac
938 2940 1086 2987 voluntatens

218 2999 404 3055 accommodet,
421 3014 446 3047 ut
457 2999 550 3048 solebat
561 2998 641 3050 facere
653 3002 800 3052 Alcibiades.
830 3005 875 3050 „Ad
888 3014 970 3066 tempus
982 3002 1049 3051 euim
1056 2998 1094 3065 dp·

216 3080 261 3129 pro
272 3066 376 3112 ratione.
394 3064 496 3111 Plancus
506 3065 532 3112 in
543 3063 646 3128 epistola
656 3065 840 3117 adciceronem
852 3065 883 3114 ad
894 3069 964 3117 Fam.
976 3082 1001 3120 9.
1013 3064 1095 3119 1in

214 3132 246 3176 oi
255 3131 334 3176 itineri
343 3145 388 3175 meo
394 3130 418 3187 st
429 3129 559 3190 opposuerit,
568 3132 597 3175 ad
606 3142 687 3194 tempus
696 3132 806 3190 confilium
820 3133 913 3203 capiam.
930 3130 1031 3179 Vide&
1041 3124 1089 3193 αρ’.

219 3206 256 3246 30.
276 3196 344 3240 Orat.
357 3205 401 3254 pro
413 3191 495 3240 Plane.
514 3195 574 3239 Non
584 3190 680 3256 possum
689 3205 787 3248 tamen,
803 3206 865 3305 Ξιωι
876 3192 923 3242 tibi
933 3191 1093 3259 suspicionum

217 3269 299 3303 meam
309 3253 424 3302 indicem.
457 3257 604 3304 ciceronem
614 3257 731 3305 nimitum
741 3255 802 3321 scrip
822 3256 869 3313 ffe,
888 3258 973 3317 Verfirre
979 3259 1045 3319 suan
1053 3270 1091 3311 ui

216 3329 289 3364 ruram
301 3321 326 3368 dr
337 3332 403 3381 regere
413 3319 443 3364 ad
451 3332 539 3381 tempus.
557 3319 666 3384 'regebat
676 3315 743 3368 suam
750 3334 877 3376 naturam,
890 3321 947 3370 cirrn
955 3335 1013 3370 cnm
1046 3320 1052 3331 “
1072 3318 1079 3331 “

216 3378 369 3437 bussereth,
396 3396 452 3429 curn
470 3379 564 3431 senibus
591 3385 680 3432 rariter
690 3386 797 3441 viveret,
812 3398 868 3431 curn
878 3382 1005 3434 simularet
1015 3384 1040 3435 sc

214 3444 332 3492 rimarum
341 3445 448 3508 partium
457 3446 538 3499 circm
581 3461 614 3508 s,
635 3461 692 3499 curn
706 3448 829 3501 clarorum
838 3447 948 3501 vitorum
959 3448 1095 3505 amioum

215 3518 347 3575 appeteret.
363 3511 431 3562 Idem.
848 3548 852 3555 .
1048 3528 1053 3537 ¹

1016 3590 1054 3637 ¹5·
1068 3578 1094 3635 h
