2318 3914
212 124 302 195 Pro
322 124 363 197 L.
383 128 613 197 Conururo
632 128 788 197 Brinno.
857 130 942 211 2645

49 220 180 361 ritcrq‘rire
192 226 316 301 vixisset,
335 233 366 289 &
378 230 569 320 testimonium
584 228 696 306 publice
706 228 829 301 dixisset,
848 232 879 290 δι
893 234 939 305 (ut

54 306 938 472 lt,„statuiliflstltlills{sustullisent

50 464 76 507 cr
95 452 232 517 hommes
254 460 367 536 spellati
387 478 439 520 vm
458 461 599 520 noluerint
618 460 753 535 religione
774 457 862 517 videri
878 476 937 545 ¹po·

49 524 103 615 tila
119 530 211 663 puicu
236 536 354 596 veritate
372 536 459 596 fidem
473 535 527 596 elle
548 536 748 596 constrictam:
774 552 827 593 nos
848 548 934 594 etiam

48 618 99 687 lul
130 608 296 694 areligione
309 613 446 689 &legum
459 615 489 672 &
505 612 643 672 soederum
657 608 936 691 conservanda,qua·

47 675 78 737 lu
103 696 177 743 uerit
189 682 243 745 Cn.
255 688 423 765 Pompeius,
443 688 647 747 dubitabimus?

85 756 194 821 Utrtm
205 762 283 823 enim
295 766 304 813 i
317 766 480 824 inscientem
492 766 575 825 vultis
585 778 683 824 contra
696 764 802 824 scedeta
823 758 916 821 secisse
925 770 975 841 ,η
990 830 996 841 ,

51 838 111 891 ank
122 832 280 899 scientem?
299 840 489 901 siscientem?
508 841 649 901 dnomen
662 840 745 901 nostri
763 840 890 915 imperii!
910 838 948 897 ὁι
965 828 1049 883 s⁶¹⁸¹¹¹·

50 910 288 1067 tepffligkommi
300 917 438 977 excellens
449 918 582 995 dignitas!
602 918 622 978 ὁ
636 918 690 977 Cn.
702 916 831 1050 Pompeii
844 914 881 974 sic
894 898 994 971 la-MS·

157 987 232 1067 eque
242 992 339 1053 diffusa
348 994 424 1064 laus,
445 1006 476 1054 ut
488 996 548 1071 ejus
559 994 657 1072 gloriae
670 994 775 1053 domici
787 1010 846 1050 rum
854 958 1084 1070 com-ffpffflfm'

52 1066 146 1151 munia
157 1066 269 1145 imperii
279 1068 379 1130 finibus
389 1072 568 1131 terminetur!
591 1071 766 1138 dnationes,
778 1068 934 1143 urbes,po-

49 1138 717 1300 dnunntmdtilsztltsltnt
727 1145 857 1297 lilii}
869 1161 930 1280 'til

47 1288 189 1371 denique!
202 1310 290 1357 mutae
302 1301 431 1376 regiones
443 1300 565 1377 imploro
583 1302 614 1359 ὅ(
634 1299 690 1359 sola
709 1309 844 1357 terrarum
864 1296 946 1355 ulti-l
963 1312 1045 1373 mutae

48 1384 174 1431 marum:
193 1390 247 1433 vor
258 1378 362 1446 maria,
381 1388 492 1454 portus,
510 1376 605 1437 insulae
621 1376 768 1451 litoraque.
800 1376 877 1449 Quae
891 1372 1051 1432 ellfl²t¹⁰¹¹⁸³

50 1445 125 1507 mim
138 1464 206 1519 ora,
224 1468 289 1528 quae
300 1451 391 1524 sedes,
409 1456 459 1531 qui
471 1454 549 1514 locus
557 1455 603 1523 ,in
615 1470 674 1531 quo
687 1468 748 1511 nou
761 1432 1077 1557 ειίὶοιιῑῴιγζξιξιξξξζξ

45 1520 90 1599 jus
100 1520 168 1585 cum
182 1528 366 1601 fortitudinis,
384 1542 446 1589 mm
459 1531 530 1589 vero
542 1530 737 1598 humanitatis,
755 1538 817 1587 tum
831 1542 969 1604 ammimg
978 1570 1015 1619 μ

48 1610 109 1659 tum
123 1600 231 1663 mnfilti
239 1603 367 1681 impressa
385 1605 518 1683 vestigia?
539 1608 626 1665 Hunc
645 1606 792 1683 quisquam
812 1603 933 1662 incredi-

48 1674 95 1765 bili
107 1678 232 1755 quadam
251 1693 334 1758 atque
353 1682 476 1742 inaudita
496 1685 646 1758 gravitate,
664 1684 786 1748 virtute,
803 1679 931 1738 constan·

49 1762 87 1812 tra
120 1752 269 1829 raditum,
289 1757 394 1818 soedera
406 1759 539 1819 scientem
553 1757 718 1836 neglexisse,
735 1754 866 1826 violasse,
884 1773 931 1814 ru·

69 1828 76 1841 “
120 1870 131 1899 ,
150 1828 244 1892 dicere
254 1834 387 1894 audebit?

85 1906 139 1967 vi.
156 1908 466 1972 Gnnrrrrcnrun
488 1912 558 1972 mihi
569 1906 930 1988 gestuaccusatoreinscien·
938 1922 973 1981 14

46 1991 105 2043 tem
117 1982 173 2046 Cn.
185 1986 353 2065 Pompcjum
363 1990 458 2051 secisse
468 1989 610 2066 significat.
629 2000 659 2029 ⁸⁹
671 1984 748 2066 quali
761 1983 831 2045 vero
841 1983 930 2119 leviiius
972 1988 997 2037 1¹.
1008 1988 1037 2038 ¹·

904 2073 933 2131 t,

49 2198 56 2211 ¹
76 2150 118 2187 ιο.
159 2140 209 2201 uafi
220 2159 272 2193 vero
293 2161 334 2191 ron
354 2145 428 2193 levius
438 2144 494 2205 st]
510 2141 653 2210 Approbatd
669 2146 722 2193 Em.
740 2138 856 2190 Memmii
866 2152 929 2187 con·

48 2198 139 2263 premi
207 2206 271 2255 olim
287 2205 390 2272 reposui.
423 2212 492 2258 Nam
507 2208 564 2257 libri
581 2221 668 2257 omnen
685 2207 752 2272 vulg.
768 2202 802 2255 sic
818 2202 926 2253 liabent:

48 2266 119 2331 Μ
125 2282 179 2315 verr
188 2270 259 2317 levius
267 2274 316 2334 fir,
337 2288 386 2320 crem
402 2274 426 2319 in
441 2286 504 2320 rente
518 2272 626 2337 republica
636 2272 732 2333 versere,
749 2271 774 2321 dr
786 2284 845 2317 max.
858 2279 927 2331 reget.

46 2332 127 2391 prafie,
139 2332 213 2390 fecere
222 2336 324 2399 aliquid,
340 2337 434 2397 qrrrelsc.
445 2356 486 2384 ner
497 2339 534 2386 lie.
547 2353 614 2402 quem
630 2338 715 2383 omnine
726 2333 778 2393 nese.
789 2334 845 2397 quid
855 2332 925 2380 lieret.

49 2394 105 2457 Qut
120 2394 198 2444 lel’tio
214 2394 274 2445 feni
288 2413 341 2446 non
357 2397 457 2463 potest,
480 2401 505 2449 dr
523 2411 615 2465 pugnat
632 2412 687 2447 cum
705 2392 772 2446 sensu
789 2396 927 2443 Ciceronis.

49 2456 106 2505 Vult
114 2459 186 2507 enlm
196 2460 285 2509 cicero
296 2459 343 2510 else
355 2465 452 2528 gravius
462 2478 590 2529 peccatum
602 2463 624 2511 ei
636 2496 644 2519 ,
660 2460 740 2527 quiin
751 2458 875 2523 republica
885 2456 931 2504 ad·

51 2518 210 2571 ministranda
226 2521 350 2582 versetur,
371 2525 462 2576 nescire
478 2526 538 2592 quid
554 2528 647 2582 liceat,
664 2524 739 2590 qulm
749 2522 845 2579 facere,
862 2518 933 2587 quod

51 2580 110 2633 sciat
119 2598 175 2633 non
192 2585 280 2635 licere:
296 2601 338 2637 aut
350 2600 416 2638 certe
428 2589 476 2638 hoc
489 2604 541 2638 non
553 2588 601 2637 else
613 2589 689 2637 levius
706 2584 783 2653 qulm
798 2583 869 2635 illud.
888 2590 932 2641 At,

50 2658 76 2697 ut
85 2646 181 2697 hubent
190 2646 247 2699 libri
259 2652 368 2717 vulgati,
384 2651 497 2719 aquibus
510 2668 561 2701 non
572 2649 708 2716 discrepant
719 2647 839 2699 manuscr.
857 2649 934 2713 plane

49 2712 199 2761 eontrarium
210 2711 305 2764 dicitur.
339 2718 388 2781 Qui
398 2718 466 2765 enim
477 2718 513 2766 iia
523 2715 647 2781 loquitur,
664 2716 787 2781 qeefivere
803 2716 876 2761 levius
888 2712 934 2771 fir,

49 2774 96 2827 dte.
112 2774 224 2825 monicae
240 2779 370 2843 loquitur,
393 2782 419 2830 δι
435 2778 583 2829 tantundem
598 2779 686 2835 valet,
703 2790 731 2824 ac
743 2774 761 2825 fi
774 2776 809 2825 ita
819 2777 935 2840 loquere-

50 2848 100 2897 tur,
115 2853 171 2889 non
182 2838 218 2887 cll
232 2840 325 2898 levius,
343 2844 368 2892 dr
381 2854 427 2892 cet.
450 2846 499 2905 Qui
510 2856 592 2892 autem
603 2840 652 2891 sic:
668 2843 800 2905 Qefivere
812 2857 853 2886 nere
862 2841 936 2886 levius

49 2902 89 2963 st.
105 2902 153 2957 dre.
171 2900 294 2969 significat
306 2906 383 2954 levius
395 2904 450 2955 else.
468 2907 507 2955 vel
525 2908 533 2954 i
551 2910 599 2956 itur
615 2902 648 2954 sic
663 2901 832 2969 reponendum
843 2902 890 2957 ell,
906 2910 935 2950 ut

52 2966 113 3015 elim
122 2964 267 3026 edidimus,
290 2971 316 3018 dr
333 2981 360 3018 ut
377 2970 485 3029 conjecit
534 2986 548 3017 e
562 2967 697 3035 legendum
714 2971 767 3016 Etr.
782 2966 932 3014 Memmius:

52 3026 152 3087 lelfie,
167 3032 241 3095 Qafi
255 3050 306 3081 vere
323 3035 396 3080 leuius
407 3032 455 3091 fit,
482 3050 531 3080 eum
547 3036 572 3081 τ’»
587 3046 650 3080 tenu
666 3032 773 3096 republica
788 3032 890 3090 versere,
906 3030 935 3080 ὁ·

53 3096 156 3142 mimis
165 3095 257 3159 negete'r‘s
264 3097 348 3160 preste,
365 3100 449 3144 omnine
461 3097 538 3157 nescire
549 3098 603 3163 perid
614 3100 678 3144 liceat
690 3128 698 3152 ,
719 3110 786 3158 quarn
800 3094 873 3153 secere
890 3093 937 3139 ali-

53 3158 118 3219 quid,
134 3160 194 3223 qued
204 3158 263 3218 scier
280 3178 321 3207 non
339 3162 410 3209 licere,
444 3162 552 3216 Etenim,
569 3162 614 3212 (re.
632 3156 762 3224 quomodo
778 3171 843 3203 nunc
860 3153 941 3205 edidi.

54 3222 138 3269 limet
154 3231 241 3269 tamen
258 3219 380 3287 scrupulus
396 3236 428 3272 ex
444 3236 495 3281 eo,
517 3221 585 3287 quod
602 3221 659 3272 libri
670 3234 758 3270 omnes
769 3218 890 3277 habeant,
906 3236 936 3268 er

54 3288 150 3341 mrim,
168 3286 214 3336 de.
231 3298 284 3333 non
294 3303 361 3351 qum
371 3304 428 3336 ome.
451 3290 489 3335 Ex
502 3300 552 3351 quo
563 3282 668 3351 suspicor
677 3283 800 3333 interdum
814 3316 821 3339 ,
842 3282 875 3331 sic
887 3284 935 3334 else

54 3346 200 3397 reicerone
209 3344 338 3412 scriptum,
353 3351 484 3414 Qefiveeo
491 3351 522 3410 fir
533 3351 622 3398 dellens
637 3383 645 3406 ,
660 3362 736 3397 errem
752 3348 824 3396 levius
836 3348 881 3405 fill
897 3352 936 3407 fe-

55 3426 95 3457 cere
104 3414 207 3476 alequid,
223 3416 280 3476 quod
285 3416 343 3474 scies
352 3432 394 3461 ner
409 3417 488 3471 licere,
505 3431 533 3459 arr
546 3447 553 3471 ,
570 3430 618 3462 eum
629 3417 726 3460 sermea
737 3424 780 3474 rep.
791 3416 887 3472 versere,
904 3415 932 3464 d·

55 3477 155 3529 mimir
167 3478 257 3542 negotiis
262 3478 347 3543 profit,
363 3481 447 3531 omnino
458 3480 550 3539 nescire,
566 3481 622 3541 quid
630 3474 701 3531 liceo.
717 3471 862 3533 Lambinus.

424 3538 481 3593 fff
492 3538 540 3595 ssf
551 3538 607 3602 fle
832 3553 871 3591 21.
889 3541 934 3586 An
