2318 3914
209 124 292 207 2498
526 130 773 195 Onnrro

53 235 81 287 1.
89 235 166 287 xxv.
175 231 200 284 b.
206 225 485 299 Romanusserebat,
504 228 672 289 srbiillumin
685 226 825 287 tribunatu
840 226 893 286 Cn.
899 226 1023 291 Domitii
1029 232 1090 293 ani·v

211 319 293 361 mum
313 300 486 363 constantem
506 307 536 365 bc
555 306 723 385 egregium,
749 305 781 364 8(
794 305 833 379 Q.
847 304 982 365 Ancharii
999 306 1089 371 fidem

210 396 245 439 ac
258 378 468 452 fortitudinem,
488 383 574 441 etiam
586 381 607 440 st
620 381 690 440 nihil
701 398 783 458 agere
796 376 946 456 potuissent
959 424 969 451 ,
988 396 1086 447 tamen

204 454 354 531 ¹voluntate
364 456 418 531 ipsa
423 456 628 533 gratumsuille.
642 458 707 531 Jam
715 459 751 517 de
763 456 796 514 C.
804 456 911 515 Fannio
918 475 984 534 quae
990 460 1087 523 fiteri-

208 531 328 592 stimatio
347 532 487 594 videmus:
509 534 586 612 quod
594 534 735 611 judicium
748 532 846 609 populi
853 534 979 595 Romani
989 535 1022 597 in
1032 538 1089 617 lno-¹

206 607 570 682 notibuscjusfuturumfit,
590 607 979 672 neminidubiumeffedebet.

147 716 202 774 114
248 681 347 764 Quid?
367 686 512 761 populares
523 688 561 747 illi
574 686 632 746 duo
644 685 712 764 quid
725 684 860 762 egerunt?
880 686 965 759 alter,
1004 691 1086 754 uim.

208 780 276 822 men
289 762 316 821 se
330 764 520 833 continuerat,
543 763 678 822 ²⁴tulerat
690 763 780 822 nihil:
799 762 915 823 senserat
925 775 974 825 tan
1007 784 1036 827 tn
1050 768 1086 831 cle

204 838 345 915 republica
358 837 446 909 aliud,
467 851 550 917 atque
561 839 692 899 homines
711 837 916 915 exspectabant,
935 842 1024 904 vir&
1035 843 1086 907 bo·

203 934 274 987 nus,
294 917 325 975 &
336 916 488 986 innocens,
509 918 539 975 &
553 915 635 975 bonis
647 916 711 975 viris
722 915 830 991 semper
842 917 987 991 probatus:
1006 920 1085 1001 quod

196 992 301 1070 ¹pariam
315 989 446 1052 videlicet
456 992 591 1051 intellexit
602 992 632 1051 iu
644 991 801 1060 tribunatu,
840 992 888 1051 uid
901 1012 970 1054 vero
976 999 1084 1075 populo

200 1070 379 1157 probaretin,
401 1068 515 1145 &quod
527 1068 604 1127 illum
620 1065 674 1126 esse
686 1010 1019 1144 populuquomanum,
1036 1076 1085 1153 qul

201 1145 460 1215 inconcioneerat,
481 1144 674 1215 arbitrabatur,
693 1162 753 1203 non
760 1144 850 1204 tenuit
857 1163 923 1206 eum
930 1148 1082 1221 locum,in

202 1240 307 1359 Quem,
321 1222 372 1282 nisi
385 1222 523 1355 pospularis
536 1220 590 1281 elle
602 1216 747 1290 voluisset,
765 1220 898 1282 facillime
909 1226 1084 1300 pervenisset.

229 1312 287 1369 ter,
322 1301 350 1358 ui
363 1300 400 1357 ita
425 1316 441 1356 e
454 1299 483 1356 in
497 1298 623 1375 populari
635 1298 745 1357 ratione
754 1296 886 1372 jactaret,
901 1312 933 1359 ut
947 1302 1083 1438 aufficia,

199 1374 295 1453 legem
354 1378 422 1444 am,
442 1374 766 1443 senatlrsausloritatem,
781 1374 986 1446 consulem,co
1005 1398 1082 1459 eger,-

199 1453 342 1513 bonorum
345 1448 502 1529 judicium,
516 1451 584 1510 nihil
596 1462 722 1527 putaret,
741 1449 903 1510 aedilitatem
910 1456 1081 1529 petivitcum

137 1600 139 1605 Ι
199 1529 281 1588 bonis
294 1530 357 1588 viris
382 1528 412 1584 &
426 1528 585 1587 hominibus
598 1528 710 1604 primis,
729 1526 775 1586 sed
789 1544 848 1585 non
861 1529 1083 1605 praellantislimie

198 1606 298 1684 opibus
323 1607 354 1666 &
372 1606 475 1683 gratia:
494 1605 597 1665 tribum
617 1606 694 1665 suam
712 1621 774 1665 non
792 1603 869 1665 tulit:
892 1606 1084 1675 ⁸⁵l'alntinatn¹

1036 1689 1084 1751 de·

228 1824 268 1870 24.
284 1812 375 1858 Talem
384 1810 462 1867 nibli]
477 1811 571 1874 Legem
582 1806 682 1872 quidem
693 1807 873 1873 promulgavit,
891 1805 932 1885 se5l
944 1824 999 1860 non
1008 1814 1082 1865 tulire

198 1876 258 1936 quia
269 1872 417 1924 servantibus
428 1874 459 1922 de
470 1876 531 1921 calo
542 1871 618 1921 tribus
628 1872 732 1920 tribunis
741 1873 775 1936 pl.
789 1872 920 1931 Domitio,
937 1876 1080 1938 Anchario,

199 1939 311 1994 Fannio,
326 1952 401 1986 nemo
412 1952 443 1986 err
454 1949 511 1985 toto
528 1936 594 1985 colle
613 1935 639 1983 io
653 1934 800 1993 tribunicio,
816 1948 903 2001 praeter
919 1952 997 1989 unum
1010 1944 1081 1993 Vati.

198 2003 285 2059 nium,
301 2002 384 2068 legem
394 2000 579 2065 promulgatam
615 2013 652 2047 tre
662 1996 731 2048 ausus
741 1998 784 2050 ell.
807 1998 876 2063 quod
886 2000 914 2049 in
925 2004 1043 2057 oratione
1052 2006 1080 2058 in

200 2068 329 2116 varinium
343 2065 419 2133 plane
429 2062 532 2112 constat.
550 2062 604 2173 {uit
615 2074 697 2111 autem
707 2060 748 2111 hic
757 2060 803 2123 sit,
818 2076 894 2128 quem
905 2064 997 2115 Cioeto
1002 2082 1080 2135 popu-

199 2129 279 2180 larem
288 2127 414 2176 tribunum
426 2128 460 2190 pl.
471 2124 541 2173 sitisse
569 2127 626 2183 icit,
642 2140 695 2173 non
705 2126 762 2174 satis
771 2126 862 2191 liquet,
873 2138 953 2186 certe,
970 2134 1078 2185 amicum

196 2190 268 2242 fuisse
279 2192 408 2240 Ciceronis
423 2187 481 2238 inde
494 2190 614 2248 conjicio,
626 2189 707 2254 quod,
722 2205 778 2238 cum
790 2193 841 2249 ejus
852 2191 878 2238 in
889 2190 1016 2245 tribunatu
1027 2194 1079 2246 sen·

199 2258 306 2305 tentiam
317 2251 460 2318 improbet,
486 2253 513 2300 in
524 2268 555 2301 eo
572 2266 657 2301 tamen
672 2253 797 2303 laudando
815 2257 840 2304 er
857 2253 925 2319 quefi
941 2258 1078 2310 excusando

199 2321 292 2368 multus
304 2317 344 2368 err„
380 2321 410 2366 C.
419 2312 570 2366 Cosconium
580 2329 690 2381 putarem
703 2334 709 2365 r
737 2317 768 2366 de
778 2333 829 2383 quo
839 2314 872 2367 fic
886 2318 913 2367 in
930 2334 960 2370 ea
971 2321 999 2371 in
1011 2324 1078 2373 Vati-

197 2384 267 2433 nium
280 2400 286 2431 t
305 2390 381 2429 Omnes
391 2383 473 2438 tribuni
480 2382 513 2443 pl.
524 2383 604 2443 college
614 2383 650 2428 tter'
656 2413 665 2437 ,
675 2383 793 2429 balurum
808 2384 861 2445 leget
873 2386 1039 2449 promulgarat,
1053 2390 1079 2437 ι’»

197 2450 233 2495 bis
243 2450 323 2494 multas
333 2461 393 2494 metu
402 2444 526 2505 neceffitrt'us
532 2476 540 2500 ,
555 2448 624 2492 etiam
633 2446 659 2493 de
668 2462 716 2491 mea
723 2446 844 2505 sententis,
862 2452 884 2493 C.
893 2449 1005 2505 Cosconius
1008 2454 1078 2511 judex

196 2514 279 2570 noster:
295 2527 371 2574 quem,
387 2522 412 2557 ru
422 2509 568 2570 dirumperis,
583 2524 631 2555 cum
641 2510 759 2556 editicium
769 2511 839 2558 vides.
857 2509 903 2558 sed
913 2512 1025 2562 rationes
1034 2512 1078 2565 ad-

197 2572 320 2623 versantur
337 2572 404 2628 dua,
419 2584 481 2628 una,
498 2570 581 2635 quod,
597 2585 653 2620 cum
669 2572 701 2620 inv
712 2571 793 2621 Sextii·
803 2569 883 2621 caussa
898 2572 972 2633 judex
987 2574 1076 2635 fuerit,

214 2637 265 2687 uod
293 2639 403 2693 mxima,
420 2649 473 2700 quat
483 2635 597 2691 recitavi,
614 2634 687 2684 verba
702 2635 842 2693 declarant,
858 2650 911 2685 non
926 2638 1009 2701 placet
1024 2640 1076 2691 bare

130 2730 135 2743 ι
194 2653 262 2763 ἓεῇυ
281 2699 391 2750 icedicit
408 2699 539 2747 nonenim
549 2696 829 2763 aequoanimoaudisset
845 2698 891 2748 illa
906 2700 1002 2752 verba:
1028 2712 1077 2755 Nea

192 2769 264 2815 tenuit
274 2782 322 2813 eum
333 2768 416 2820 lacum,
433 2767 456 2810 r'n
466 2780 544 2828 quem,
560 2764 604 2821 nist
609 2765 720 2826 popularis
731 2764 769 2824 ff
779 2764 893 2821 vosuifftt,
905 2766 1019 2823 facillime
1026 2782 1077 2833 prr-

192 2830 289 2891 oem’fftt.
322 2827 399 2876 altera
410 2840 469 2875 vero
480 2827 545 2874 ratio
556 2824 603 2882 est,
640 2824 1032 2891 uodmanifellesrgnificateum
1047 2830 1075 2881 in

191 2891 296 2941 nonoris
306 2892 426 2954 petitione
437 2890 557 2952 repulsam
568 2888 613 2939 tul'
635 2906 649 2938 e
660 2924 668 2946 ,
690 2904 746 2938 cum
757 2890 792 2939 ait
804 2905 811 2936 t
840 2897 888 2937 Non
899 2896 971 2940 terrm't
981 2912 1031 2943 eum
1041 2899 1075 2945 tv·

189 2974 248 3005 eum.
295 2953 344 3003 uod
355 2954 381 3001 in
394 2952 545 3001 Cosconium
556 2954 689 3003 convenire
699 2968 751 3002 non
763 2953 842 3019 porzst
855 2968 862 2999 t
885 2967 961 3019 quem
972 2954 1022 3007 hoc
1031 2973 1075 3009 an.

189 3035 226 3070 no
238 2971 335 3067 aedilem
351 3015 423 3065 fuisse
443 3031 474 3065 ex
490 3015 602 3066 oratione
612 3018 640 3067 in
651 3019 778 3068 vatinium
792 3017 908 3082 proxime
920 3016 1075 3075 demonstra·
1096 3066 1100 3073 .

190 3096 245 3134 tum
256 3082 299 3133 est.
316 3084 442 3130 P.Manur.
704 3090 708 3100 “

223 3164 261 3204 25·
280 3146 427 3203 Palatinam]
458 3144 536 3204 Hujus
550 3143 627 3195 tribus
637 3143 766 3201 meminit,
782 3143 966 3205 utvilillimae,
983 3148 1074 3215 quippe

192 3223 246 3275 quae
255 3207 377 3258 libertinis
389 3209 415 3256 bc
426 3207 554 3272 egentibus
565 3208 678 3259 affluebat
691 3224 699 3257 a
721 3206 768 3257 fuit
779 3207 848 3257 enim
859 3223 908 3257 una
924 3226 954 3261 ex
967 3226 1074 3277 quatuor

190 3272 298 3323 urbanis.
314 3272 398 3321 Livius
409 3270 452 3321 lib.
460 3276 490 3321 x.
502 3269 544 3320 sub
554 3272 645 3322 finem:
662 3272 818 3332 Fabiusfimul
826 3276 939 3322 comoedia
951 3275 1073 3339 eauffssp

189 3341 238 3385 mus
252 3354 277 3384 ne
291 3339 435 3385 liumiliorum
451 3339 477 3383 r'n
492 3353 560 3383 manu
574 3340 665 3385 comitia
680 3338 755 3401 effim,
772 3354 855 3383 omnem
866 3338 976 3399 forensem
986 3342 1074 3393 rursm

188 3402 287 3449 exesam
298 3402 321 3447 r'n
332 3414 426 3462 quatuor
434 3401 505 3448 tribus
515 3402 603 3462 conjecit
611 3402 746 3465 urbanasque
756 3401 882 3465 appellavit.
907 3400 971 3451 Vide
982 3404 1010 3453 bt
1022 3404 1073 3465 eju}
1094 3398 1100 3461 J,

53 3450 60 3475 '
90 3474 94 3483 ·
189 3465 319 3532 epitomen
327 3462 392 3516 ntro
403 3467 457 3517 xx.
484 3465 852 3537 Qormsuumrninfan,
867 3464 1100 3587 nqurvuotfef
