2318 3914
304 61 391 143 249⁶
505 90 526 125 ,-
600 52 873 131 -Qanrto

306 155 630 219 estmeowloaviatnr.
642 154 791 233 .qui,quas1
805 153 870 215 meai
884 154 964 233 culpa
975 154 1089 232 bonapr

300 237 357 305 rit,¹
375 236 415 295 ita
423 235 531 294 obeam
538 233 623 309 ipsam
632 232 787 299 causamest
794 232 863 291 mihi
875 234 1022 302 inimicus,
1042 235 1089 309 qui

9 359 35 376 .
297 308 398 385 ‚tabee
416 311 520 371 Utrdm
528 328 582 387 ego
594 310 645 369 tibi
657 310 859 385 paulinanium
873 311 977 385 eripui,
998 310 1088 379 Gelli,

144 398 284 451 uma
299 388 472 451 comedisti?
492 386 587 465 quid?
605 400 636 447 tu
650 404 717 445 meo
730 385 856 463 periculo
870 388 892 457 ,'
906 404 1005 463 gurges
1029 404 1061 446 ac
1081 407 1089 443 l

304 604 362 657 lrnic
372 606 431 655 loeo
440 606 534 672 potest,
550 604 657 655 eundern
666 600 752 654 tamen
762 604 847 655 locum
857 603 893 653 ita
908 604 1047 669 proferam,
1063 615 1089 651 ut

304 667 384 736 prelio
395 670 504 737 quodam
515 668 579 719 libro
592 669 736 719 emendatus
748 682 778 717 ex
789 668 925 717 collatione
941 670 1028 717 vetetis
1044 666 1089 715 cod

303 736 409 802 petitur:
428 742 454 781 ln
464 750 584 799 qnatamen
594 738 649 800 quid
664 737 711 794 effer
721 735 858 798 quamobrem
874 736 978 780 inimicus
995 737 1033 779 ille
1049 733 1089 793 effe

301 803 345 863 qai
354 800 417 863 quafi
426 799 474 845 dec.
491 796 569 845 Urfin.
587 802 768 861 inparatam]
784 801 830 844 Sua
840 797 928 861 cuique
937 794 1065 851 tribuenda
1075 796 1089 842 l:

299 863 410 910 correxit
422 859 486 907 hune
495 862 580 907 loeom
590 874 622 909 ex
634 860 750 923 ingenio,
767 874 819 925 quo
829 858 1089 916 excellit,mnltis·ablr

301 926 343 973 nis
355 924 473 971 odarius
484 923 663 988 Pantagathus,
679 924 758 971 nono
769 921 956 982 croditiffimns,
972 924 1089 971 omnium⁴

302 986 462 1051 tegenimus,
478 1001 553 1051 quern
564 1001 611 1051 ego
622 985 709 1036 nolltae
721 987 798 1035 aetatis
811 990 948 1037 Varronem
960 985 1028 1036 soleo
1040 1000 1089 1034 non

301 1050 340 1098 ita
351 1052 442 1098 multas
455 1052 588 1099 multarum
598 1061 679 1099 rerum
689 1062 718 1098 ac
723 1046 903 1115 disciplinarum
910 1052 1012 1099 notitias
1018 1062 1087 1098 ment

302 1113 388 1177 tiaqne
400 1114 594 1177 comprehendit.
612 1116 633 1161 is
644 1114 719 1179 igitur
728 1115 765 1161 ita
775 1117 881 1164 conexit
888 1148 896 1172 ,
903 1116 972 1163 nulla
982 1116 1089 1163 litteram

302 1179 412 1236 tatione,
428 1174 549 1226 sententia
559 1177 680 1227 restituta:
699 1186 724 1233 In
735 1195 777 1243 qua
787 1192 860 1226 tamen
870 1184 898 1228 ra
907 1196 942 1225 me
950 1181 1022 1233 ultas,
1039 1195 1088 1225 cram

302 1244 404 1289 inimicos
413 1241 442 1301 est
451 1260 506 1288 areos
511 1244 639 1302 saeviatur.
671 1242 792 1305 praeclare.
809 1256 868 1291 nam
877 1242 904 1289 in
915 1238 1089 1306 gratulationih

303 1305 367 1353 viati
376 1319 433 1353 mos
444 1304 492 1361 est,
509 1307 535 1354 δι
548 1306 644 1354 Gellius
654 1304 789 1353 nefandam
799 1305 929 1355 libidinem
941 1320 984 1355 ore
994 1318 1089 1356 exerccr

303 1366 388 1419 batur:
405 1367 437 1416 de
447 1382 497 1433 quo
509 1368 543 1416 cst
553 1368 618 1434 apud
630 1368 758 1419 Catullum
768 1368 817 1417 hoc
827 1370 992 1435 epigramma:

405 1434 471 1489 nata
479 1434 567 1491 dicam,
584 1435 657 1489 Gelli,
674 1444 741 1498 qnare
752 1435 810 1494 rosea
820 1437 861 1497 ista
871 1435 949 1482 tenella

442 1498 538 1543 Hiberna
543 1499 602 1557 fiant
611 1500 738 1544 candidiora
749 1499 815 1553 nim

402 1563 470 1608 Mane
479 1561 540 1607 doma
550 1577 598 1607 carn
609 1564 667 1616 exis,
684 1562 710 1612 dr·
721 1578 769 1608 cum
779 1574 799 1607 te
809 1561 886 1608 abiatra
897 1562 969 1625 quiete

440 1628 461 1670 Ε
471 1626 534 1669 malli
544 1626 602 1687 longo
609 1626 701 1684 inscitae
709 1628 762 1671 bara
771 1626 826 1673 die?

403 1688 479 1747 Nescio
490 1688 546 1752 quid
555 1701 607 1735 certe
617 1687 646 1747 est
655 1704 684 1734 an
693 1688 817 1747 veresanra
823 1688 936 1749 saiurrat,

441 1753 542 1797 Grandia
552 1763 573 1798 te
585 1754 654 1799 medii
663 1764 722 1798 tenta
732 1767 811 1798 vorare
821 1755 889 1798 oiri:

403 1813 443 1861 Sic
452 1828 505 1861 certe
515 1814 543 1873 est
552 1818 647 1861 clamant
660 1818 757 1862 Virronis
767 1828 831 1879 rapta
841 1817 923 1875 miselli

440 1880 500 1932 Ilia,
516 1880 607 1939 demulsa
617 1880 679 1925 labra
691 1892 765 1925 natata
770 1882 826 1940 serr.

301 1939 362 1990 dicit
372 1939 459 2005 igitur,
476 1943 515 1987 illo
535 1959 570 1988 ore
591 1940 753 2005 impurillimo
774 1956 802 1990 nc
818 1939 979 1997 foedillimo‚
1011 1953 1089 2006 quor

299 2003 533 2054 obscoenamembra
543 2005 673 2069 concipere
683 2006 777 2055 lolitut.
793 2011 820 2054 Ρ.
827 2009 915 2054 Manat.

332 2083 371 2116 22.
389 2071 534 2125 Saravenae]
550 2067 685 2117 osculatus.
701 2068 828 2119 catullus:

399 2131 525 2187 Jamaan
534 2149 556 2178 or
567 2138 676 2197 oculosque
686 2132 809 2187 straviabor.

299 2196 424 2258 Frequens
433 2205 516 2240 autem
528 2191 581 2242 usus
591 2193 667 2243 osculi
676 2193 723 2243 fuit
734 2197 760 2243 in
771 2196 932 2261 gratulando,
948 2208 975 2244 nt
993 2192 1012 2242 fi
1024 2196 1087 2243 l’o'e't

299 2269 357 2307 tans
368 2254 475 2305 sectandis
487 2256 582 2306 auribus
593 2258 687 2307 auditus
698 2257 784 2309 fncrat.
802 2260 926 2307 Martialis
937 2260 981 2309 lib.
990 2264 1010 2308 1.
1022 2260 1088 2325 epig.

400 2323 515 2368 Audieris
523 2338 571 2369 cam
576 2326 658 2385 grande
662 2325 736 2387 ,sophor
747 2327 773 2378 ὰ
785 2324 842 2383 bafia
852 2336 932 2386 capras.

300 2390 334 2437 Et
343 2384 408 2450 epig.
416 2399 461 2442 77:

291 2474 294 2479 ·
461 2482 471 2498 .
488 2483 495 2497 .
513 2484 519 2498 .
536 2451 617 2497 ciream
623 2452 710 2514 pulpita
719 2451 789 2509 nostra

399 2516 430 2559 Et
435 2511 520 2570 steriles
530 2517 639 2565 cathedras
647 2517 704 2574 bafia
710 2517 757 2576 sola
767 2528 859 2580 erepant.

297 2577 351 2634 Sic,
366 2587 394 2623 ut
405 2577 528 2639 Eunapins
538 2577 651 2636 testatur,
668 2577 796 2628 Proaerelio
807 2578 934 2643 sophista,
952 2592 1008 2625 cum
1024 2576 1056 2626 de
1074 2591 1089 2641 p

327 2640 454 2688 amareria
462 2642 657 2704 extemporalem
668 2642 808 2690 orationem
819 2642 911 2691 habens
922 2641 1003 2689 enm‘a
1019 2653 1089 2690 notar

296 2654 370 2752 ilicis
381 2699 476 2761 jnffiffet
488 2705 582 2768 excipi,
599 2704 687 2752 deinde
697 2704 798 2770 seipsum
810 2720 927 2756 revocans
939 2703 1044 2754 eandem
1055 2719 1086 2752 ne

295 2778 323 2815 tn
334 2765 434 2831 quidem
445 2768 532 2814 vocula
541 2765 675 2832 repetiffet,
692 2771 807 2832 gratulati
819 2769 872 2819 sunt
885 2768 1008 2818 auditores
1020 2772 1046 2818 δι
1057 2783 1086 2817 eu

297 2830 367 2879 viati.
389 2834 466 2875 Etiam
474 2834 558 2891 periore
564 2833 658 2894 jrpln'sta
674 2837 883 2891 circumlambenren
898 2835 1089 2899 quemadmodum,

295 2897 331 2942 m·
339 2893 449 2952 crriasdam
458 2895 579 2942 divinitate
586 2898 648 2958 pleni
654 2929 662 2952 ‚
678 2902 799 2962 omnesqui
810 2901 900 2946 aderant
911 2932 919 2954 ‚
938 2899 1021 2962 partim
1030 2898 1089 2959 pedet

295 2959 340 3005 rin·
348 2972 424 3004 tumr
435 2958 559 3005 adorabant.
593 2962 654 3006 Alii
663 2965 737 3007 Dearn
747 2965 873 3019 vocabant,
896 2963 940 3007 alii
952 2963 1062 3007 Mercurii
1073 2962 1089 3019 fi

291 3020 387 3084 presidis
392 3021 541 3087 fimalacram.
570 3022 685 3070 Arrianus
696 3023 740 3073 lib.
750 3030 769 3073 1.
782 3022 878 3073 Dillert.
896 3023 1003 3088 Epidleti
1014 3037 1067 3087 cap.
1077 3037 1087 3070 r

295 3087 367 3147 diqair
379 3084 527 3131 Tribunatum
534 3086 602 3141 plebis
616 3090 704 3149 adeptas
713 3089 763 3147 est:
787 3106 857 3135 omnes
874 3089 936 3135 obvii
947 3091 1089 3150 gratulantur

297 3148 367 3194 oculor
373 3148 507 3206 saravrarar,
523 3151 582 3196 alias
592 3152 684 3208 collam,
696 3154 853 3212 servimarras.
871 3149 972 3201 Abram.
1005 3155 1045 3199 De
1061 3148 1089 3199 ht

301 3208 389 3258 Gellio
399 3211 525 3258 catullus:

403 3276 446 3321 Sea
454 3288 527 3322 tamen
535 3278 570 3322 hie
576 3279 660 3340 pulcher
670 3278 751 3325 vender
761 3294 809 3325 cum
815 3290 876 3341 geme
888 3280 1011 3341 canalium,

439 3341 477 3384 Sir
485 3342 533 3385 tria
541 3354 639 3388 natarum
646 3342 730 3400 suavia
740 3345 861 3406 reppererit.

53 3439 220 3544 ἢ
300 3395 417 3453 unitae
425 3400 542 3469 scaligeri
550 3400 756 3460 observationem.
775 3407 876 3472 Variam

1060 3485 1089 3533 2³
