2318 3914
203 155 286 221 2626
378 202 381 209 -
519 150 768 218 Onnnto

165 267 199 330 31
251 263 278 301 ιι
291 254 405 330 Jamdiu
418 268 502 313 mare
513 250 643 312 videmus
655 250 722 309 illud
740 249 931 321 immensum,
949 250 1032 329 eujus
1043 246 1100 313 sen*

212 346 284 388 vore
295 350 356 390 non
369 330 459 391 solum
473 330 608 389 maritimi
621 328 728 396 cursus,
741 325 788 386 sed
801 328 880 386 urbes
899 329 987 387 etiam
1000 330 1031 387 &
1043 332 1097 389 viae

213 406 346 467 militares
361 410 422 485 jam
443 406 626 475 tenebantur,
645 404 747 463 virtute
761 403 814 462 Cn.
825 404 956 480 Pompeji
967 402 1005 463 ste
1016 404 1033 463 l
1044 422 1097 481 po·

212 482 280 557 pulo
294 486 445 554 Romano,
464 483 499 542 ab
512 483 634 541 Oceano
646 481 732 558 usque
752 479 788 539 ad
806 479 939 538 ultimum
959 480 1097 552 Pontum,

214 571 362 637 tamquam
375 578 466 621 unum
477 559 603 639 aliquem
616 570 749 635 portum,
768 569 860 615 tutum
880 557 911 614 δι
924 555 1046 615 clausum
1058 568 1099 617 te*

212 637 287 696 neti:
310 642 337 685 ⁸⁶
351 638 481 697 nationes
493 647 556 705 ets,
573 652 639 712 quae
651 650 771 692 numero
783 633 936 691 hominum
956 650 992 691 ae
1012 634 1102 693 muli·

212 710 311 771 tudine
323 714 380 789 ipsa
392 726 522 791 poterant
533 714 564 770 in
577 712 734 788 provincias
746 710 852 768 nostras
869 709 1043 779 redundare,
1061 713 1098 770 ita

212 786 368 849 abeodem
382 788 437 848 eise
450 790 551 865 partim
565 789 679 857 recisas,
696 788 796 863 partim
811 784 957 861 repressas,
974 782 1009 845 u't'
1018 786 1097 858 Asia,

215 880 282 939 quae
301 866 453 943 imperium
472 878 554 924 antea
574 865 698 923 nostrum
718 864 902 932 terminabat,
921 880 1001 921 nunc
1018 864 1098 923 tribur

215 943 299 1001 novis
309 942 461 1017 provinciis
469 941 525 1017 ipsa
539 942 673 1017 cingatur.
696 937 808 1001 Possum
823 938 859 997 de
873 940 956 998 omni
969 942 1096 1015 regione,

95 1026 122 1075 r.
134 1028 161 1076 n.
216 1014 253 1074 de
265 1020 347 1077 omni
358 1019 479 1077 hostium
490 1034 593 1093 genere
604 1017 706 1076 dicere.
722 1015 796 1073 nula
808 1031 876 1090 gens
888 1015 943 1085 est,
963 1034 1030 1094 quae
1043 1034 1096 1077 non

53 1088 179 1171 yiublata
217 1104 266 1150 aut
285 1095 324 1153 ita
344 1111 358 1153 r
375 1094 484 1154 subaeia
503 1093 552 1163 fit,
571 1106 603 1152 ut
621 1095 670 1153 vix
690 1091 791 1150 exstet:
811 1103 859 1150 aut
872 1091 911 1150 ita
924 1092 1052 1164 domita,
1068 1108 1096 1153 ιιι

51 1156 125 1204 Mos.
214 1170 351 1303 lquiescat:
371 1184 419 1230 aut
430 1173 469 1230 ita
481 1183 601 1248 pacata,
632 1183 664 1229 ut
677 1168 794 1229 victoria
814 1165 907 1227 nostra
923 1170 1096 1249 imperioque

225 1258 333 1306 artetur.
501 1280 504 1285 ·
950 1276 953 1283 ·

168 1340 204 1402 3²
239 1321 333 1383 -Xlil
353 1334 381 1372 ιι
395 1323 550 1384 Brutone
564 1320 1096 1397 Gallicum,patresconscripti,C.Ca·

213 1397 271 1457 sare
288 1400 460 1475 imperatore
478 1402 585 1476 getium
605 1400 664 1459 esi:
689 1398 772 1457 antei
789 1399 994 1460 tantummodo
1015 1400 1095 1478 repul·

210 1474 286 1534 sum.
304 1476 413 1551 semper
431 1476 488 1535 illas
507 1479 637 1536 nationes
648 1475 734 1533 nostri
746 1476 931 1549 imperatores
943 1477 1095 1537 refutandas

180 1578 186 1585 ·
213 1550 308 1625 potius
329 1552 402 1612 bello
421 1552 508 1630 qulm
527 1552 694 1613 lacessendas
711 1562 890 1626 putaverunt.
927 1552 991 1629 Ipse
1009 1554 1094 1615 illuc.

215 1628 338 1699 Matius,
358 1631 436 1705 cujus
449 1630 641 1707 divinaatqne
653 1629 756 1689 eximia
768 1629 855 1686 virtus
876 1631 987 1705 magnis
1044 1632 1093 1769 pul

215 1705 341 1764 Romani
352 1708 472 1765 inesibus
480 1706 676 1783 funeribusque
690 1704 832 1773 subvenit,
845 1705 995 1765 influentes
1006 1710 1036 1767 in
1060 1720 1095 1767 ta·

214 1780 282 1841 liam
296 1783 443 1843 Gallorum
459 1784 487 1831 ιθ
501 1785 638 1843 maximas
651 1784 745 1857 copias
763 1781 900 1856 repreffit,
920 1800 984 1841 non
1000 1784 1055 1861 ipse
1064 1782 1095 1845 ai

213 1874 316 1919 eorum
329 1861 409 1919 urbes
419 1859 553 1938 sedesque
564 1860 728 1935 penetravit.
745 1858 839 1917 Modo
851 1858 897 1917 ille
918 1876 1051 1921 meorum
1062 1860 1096 1921 la·

214 1934 333 2009 borum,
351 1937 539 2016 periculorum
547 1935 750 2009 ,confiliorum
765 1944 792 1983 ι’
805 1934 912 2007 socius,
934 1937 969 1996 C.
983 1938 1096 1997 2Ponti·

826 2030 829 2039 ·
1025 2030 1095 2087 ntur,

247 2169 284 2211 55·
302 2157 421 2215 mdia]
438 2153 476 2203 Ab
487 2166 554 2202 anno
565 2158 595 2202 v.
608 2156 638 2202 c.
653 2167 745 2204 noxe.
759 2167 812 2219 quo
823 2156 957 2228 Pompeius
968 2154 1094 2205 Mithrida·

213 2218 292 2281 ticum
302 2219 397 2267 bellum
408 2216 530 2275 confecit,
545 2230 676 2291 totumque
687 2218 810 2266 orientem
824 2214 866 2267 sui
876 2218 986 2269 sisteris
995 2220 1094 2285 pacavit,

213 2282 363 2335 conturbus
376 2284 497 2330 Cicerone
510 2284 537 2331 &
549 2288 672 2329 Antonio.
707 2282 808 2329 Abram.
957 2314 966 2321 -

247 2356 286 2403 σς.
303 2351 427 2403 Nationes]
444 2346 573 2402 Ponticos,
591 2345 697 2401 cilicas,
714 2344 895 2409 cappadocas,
914 2344 1092 2415 Paphlagonas,

215 2415 303 2475 Syros,
320 2416 456 2466 Armenos,
474 2408 585 2475 Judeos,
601 2409 728 2465 Albanos,
746 2410 843 2467 iberos,
860 2412 886 2458 δι
898 2410 963 2459 alias
974 2412 1091 2473 buimo-

216 2474 250 2526 di.
268 2488 372 2543 quarum
382 2474 436 2523 aliae
447 2476 473 2522 in
484 2472 561 2522 fidem
572 2487 642 2538 aquo
653 2470 748 2521 soedere
757 2485 859 2537 recepte
871 2471 942 2531 sunt,
959 2476 1013 2525 alie
1020 2472 1090 2525 vesti·

214 2541 283 2604 galet
301 2541 327 2589 δι
342 2537 502 2603 stipendiaria
517 2535 606 2595 fastu,
628 2535 682 2585 alia
698 2534 800 2592 todastae
816 2537 842 2583 in
853 2539 1018 2601 provinciam.
1048 2540 1092 2589 lto

213 2604 316 2667 {exutos
333 2608 430 2650 Externa
440 2605 495 2649 belsa
506 2618 593 2665 regum,
605 2603 719 2665 gentium,
735 2604 849 2651 nart'mum
860 2606 1000 2667 jampriden
1013 2602 1093 2651 isaae-

209 2670 279 2780 ιιέιεῖι
289 2666 357 2731 sunt,
373 2680 398 2715 ur
409 2668 512 2731 preclare
526 2682 576 2714 cam
591 2668 623 2712 iis
637 2680 740 2728 agamus,
755 2680 807 2728 quas
819 2676 908 2727 pacatos
924 2668 965 2729 effe
975 2668 1089 2733 faiam

210 2736 228 2782 r
241 2744 290 2780 ern

242 2812 280 2852 57·
298 2796 382 2843 uelim
393 2796 528 2851 Gallim]
543 2796 605 2843 Non
615 2790 703 2839 eadent
717 2789 752 2838 esi
769 2790 834 2839 ratio
852 2792 989 2851 Gallorum
998 2792 1024 2841 br
1034 2804 1093 2857 gen·

209 2858 275 2907 tium
290 2869 434 2907 ceterarum.
468 2860 537 2905 Nam
554 2869 647 2903 ceteras
671 2868 757 2920 gentes
775 2855 844 2903 bello
861 2856 1092 2907 racefflvemttno-

207 2923 291 2977 mani,
309 2924 334 2971 bt
346 2922 436 2971 rimare
446 2918 609 2969 domuerunts
627 2930 652 2966 at
664 2930 722 2967 ante
734 2916 854 2967 Cesarem
871 2935 951 2969 nemo
968 2924 1091 2969 nomano-

208 3000 264 3036 rum
275 2988 311 3035 im
342 2995 451 3032 rarorum
463 2978 531 3031 ausus
544 2980 577 3031 est
587 2982 655 3032 bello
666 2996 801 3047 provocare
813 2984 919 3042 Gallos,
935 2982 979 3033 sed
994 2978 1088 3033 herese

209 3050 236 3099 δι
252 3062 366 3115 precare
382 3062 434 3096 tem
451 3045 543 3112 gessisse
560 3058 707 3110 putaverunt
724 3044 859 3111 superiores
876 3052 914 3095 lm
934 3042 1086 3103 emonensi

207 3110 311 3162 laeeffiti
326 3108 467 3161 restitissent
483 3110 510 3159 be
527 3110 580 3158 vim
591 3110 616 3158 vi
628 3107 778 3174 repulissent.
795 3108 861 3157 solus
872 3125 907 3175 po
939 3112 1024 3161 urbem
1035 3122 1089 3158 eoa·

207 3175 287 3225 ditant
304 3172 384 3224 cesar
399 3187 469 3223 tanta
486 3175 576 3223 virtute
592 3172 659 3232 snit,
680 3188 707 3222 ut
726 3173 906 3224 ulmobellum
917 3176 1029 3225 intulerit
1038 3171 1085 3239 qni·

208 3238 356 3295 escentibus,
373 3239 399 3288 δι
411 3237 443 3286 ad
453 3252 540 3287 eorum
550 3237 621 3287 nrbes
631 3242 773 3303 penetrarit.
805 3240 875 3287 lom.
1028 3282 1034 3291 ,

243 3310 280 3357 5¹·
298 3307 413 3349 Maxima
428 3306 524 3365 copiae]
546 3307 566 3351 E
583 3301 699 3350 trecentis
711 3312 863 3349 armatorum
878 3302 992 3351 millibus
1001 3298 1081 3361 tottila·

209 3376 269 3422 tas,
290 3378 375 3428 prater
390 3366 505 3414 mulieres
521 3367 549 3414 δι
564 3364 720 3429 impuberes,
743 3376 769 3412 ut
781 3366 816 3413 ait
827 3365 974 3417 Plutarchus
983 3367 1009 3415 itt
1018 3360 1077 3413 lid

207 3431 268 3481 rita.
301 3432 369 3477 reem.
501 3446 504 3451 ·

244 3508 281 3551 59·
299 3489 619 3557 Socim.]1nopprimenda
635 3489 750 3541 catilina
766 3490 949 3555 conjuratione.
965 3490 1011 3545 suit
1022 3487 1069 3541 α’·

1025 3562 1067 3621 Ρ
