2318 3914
208 164 293 230 ²492
524 144 770 213 onusto

210 242 370 317 autferant,
389 262 455 325 quae
467 246 506 307 illi
518 250 606 309 velint
618 248 730 319 audire,
754 246 803 327 qui
816 247 846 307 in
860 246 1001 306 concione
1012 242 1091 303 suntr'

209 322 257 383 sed
287 325 357 383 retio
376 341 410 382 ac
424 326 555 385 mercede
568 325 715 403 perficiunt
721 342 735 398 ,·
752 337 800 395 ut,
826 323 961 404 quidquid
976 323 1090 390 dicant,

212 400 255 460 id‘
278 398 620 463 'velleandirevideantun
1126 466 1128 471 ,

146 496 200 559 ιος
250 478 329 537 Num
342 493 394 535 vos
407 477 579 549 existimatis,
598 478 758 551 Gracchos,
771 489 820 539 aut
833 478 1029 543 Saturninum,
1041 482 1090 532 aut

211 570 384 632 quemquam
397 552 508 614 illorum
523 566 663 625 veterum,
699 558 727 615 ui
741 555 889 690 &epulares
901 554 1089 617 habebantur,

210 629 300 689 nilum
313 648 362 689 um
383 632 489 690 namin
509 632 692 691 concione'ha
711 633 741 691 ui
762 628 981 690 econdudum?
1000 642 1090 686 nemo

186 710 189 715 '
214 705 319 766 habuit.
337 648 392 782 ipla
407 708 483 767 enim
496 708 605 784 largitio
626 708 656 766 &
668 708 727 783 spes
741 707 887 767 commodi
899 702 1034 783 propositi
1057 700 1091 761 fi·

211 798 251 843 ne
258 783 388 843 mercede
394 783 449 843 ulla
460 783 667 843 multitudinem
681 785 845 844 concitabat.
863 784 961 861 ltaque
974 794 1089 855 tempo-

210 859 285 919 ribus
296 859 364 929 illis,
377 860 431 937 .qui
443 860 588 936 populares
602 872 695 931 eraut,
715 860 893 921 offendebant
912 860 951 918 illi
970 856 1088 935 quidem

211 936 287 1012 apud
293 952 389 1012 graves
408 937 437 994 &
451 936 741 1007 honestos·homines,
758 936 806 997 sed
817 934 913 1014 populi
922 934 1039 1013 judiciis
1048 942 1089 991 at·

210 1030 270 1089 que
277 1011 357 1071 omni
369 1010 388 1069 fi
428 1010 712 1072 ilicationeilorebnnt.
725 1014 809 1072 bisin
822 1014 929 1072 theatro
943 1009 1092 1087 plaudeba-

212 1100 274 1146 tut:
293 1089 357 1147 his
406 1089 494 1164 agiis,
514 1089 592 1166 quod
611 1089 826 1160 contenderant,
845 1087 1091 1166 consequebantur.

209 1162 314 1223 horum
327 1164 459 1223 homines
474 1182 598 1235 nomen,
612 1166 786 1236 orationem,
806 1165 932 1235 vultum,
952 1160 1085 1223 incessum

210 1240 350 1300 amabant.
370 1240 431 1316 Qui
442 1252 536 1300 autem
551 1241 759 1303 adversabantur
771 1244 797 1301 ei
811 1244 921 1319 generi,
942 1256 1040 1317 graves
1057 1238 1087 1297 st

210 1318 307 1394 magni
318 1317 448 1377 homines
460 1318 646 1388 habebantur,
665 1318 711 1377 scd
722 1319 850 1378 valebant
862 1320 892 1376 in
905 1317 1001 1375 senatu
1015 1314 1087 1373 mul·
1123 1358 1128 1402 ÷

209 1392 715 1470 turn,apudbonosvirosplurimumt
731 1391 1085 1469 multitudinijucundinon

210 1482 306 1529 erant:
320 1468 450 1555 suffragiis
456 1468 648 1529 offendebatur
660 1471 731 1547 saepe
744 1489 843 1531 eorum
851 1471 995 1529 voluntas:
1011 1468 1087 1543 plan·
1122 1519 1128 1548 =.

208 1546 270 1605 sitm
284 1546 354 1605 verb
368 1545 487 1604 etiamsi
508 1547 567 1624 quis
588 1564 688 1605 eorum
701 1547 850 1625 aliqnando
870 1558 1032 1622 acceperat,
1050 1560 1085 1601 ne
1126 1558 1128 1565 ·

208 1622 278 1699 quid
291 1621 444 1700 peccasset,
463 1622 677 1699 pertimescebat.
702 1625 855 1691 Attamen,
869 1622 890 1681 fi
904 1640 958 1698 qua
972 1639 1015 1680 res
1029 1630 1084 1679 erat

212 1700 321 1834 majorb,
334 1698 462 1758 idemille
469 1700 585 1775 populus
598 1696 1085 1760 horumaustoritatemaximecom-
1118 1708 1128 1757 t

208 1791 297 1835 move
316 1787 386 1834 atur.
1117 1788 1128 1821 ·-²

148 1866 203 1927 106
251 1853 286 1911 L.
304 1853 434 1920 Nnuc,
457 1850 684 1920 “nifimefnllit,
699 1850 728 1910 in
736 1850 847 1911 eostntu
861 1850 1022 1921 civitasest,
1039 1858 1082 1919 nt.
1121 1847 1128 1907 i

51 1959 69 1994 z
89 1927 231 1993 remove-fi
245 1946 341 2003 operas
355 1927 560 1987 condustorum
576 1931 869 1997 zremoreris,omnes
880 1928 957 1987 idem
965 1928 1001 1986 de
1008 1938 1084 2003 repo*
1126 1990 1128 1997 ,

50 2008 105 2058 ritis
117 2011 170 2058 MS.
211 2004 280 2064 blica
297 2004 394 2065 sensuri
408 2002 461 2062 elle
475 2006 628 2063 videantur.
654 2006 767 2065 Etenim
780 2005 864 2063 tribus
870 2000 1085 2138 locissrffnificari
1117 2053 1128 2079 ,Ι

212 2081 959 2157 marimepopuliRomanijudiciumacroluntaspote
989 2096 1081 2148 ,con
1119 2082 1123 2087 '

53 2170 200 2223 sconsum
211 2159 316 2226 cione,
341 2156 485 2233 comitiis,
513 2156 643 2214 ludorum
661 2158 902 2234 gladiatorumque
930 2152 1085 2215 aconsesu.

51 2238 123 2299 capr.
212 2231 675 2309 Quaeconciofuitperhosannos,
690 2231 1083 2310 quaequidemessetnoneon-

211 2308 309 2375 (lusia,
322 2308 369 2366 sed
382 2325 463 2377 vera,
477 2310 505 2366 in
519 2326 573 2384 qua
586 2310 681 2384 populi
696 2311 817 2368 Romani
831 2310 974 2368 consensus
988 2308 1084 2384 perspi·

210 2387 236 2445 ci
250 2381 357 2461 posset?
370 2384 483 2441 Habitae
495 2385 658 2442 suntmultae
672 2385 707 2443 de
723 2404 769 2444 me
783 2385 959 2461 agladiatore
973 2384 1084 2443 scelera·

209 2462 329 2530 tiffim0,
342 2459 543 2537 adquasnemo
557 2461 647 2519 adibat
658 2462 847 2537 incorruptuS,
862 2480 949 2521 nemo
964 2463 1083 2537 integer:

210 2556 300 2597 nemo
313 2533 389 2595 illuni
405 2536 512 2594 foedum
527 2538 634 2596 vultum
647 2538 780 2613 aspicere,
795 2556 882 2596 nemo
894 2536 1024 2597 furialem
1038 2554 1087 2595 vo-
1126 2558 1128 2591 :

210 2632 276 2673 cem
289 2615 377 2672 bonus
391 2612 484 2670 audire
497 2626 613 2688 poterat.
646 2614 746 2683 Erant,
769 2628 845 2672 erant
864 2614 919 2673 illae
935 2614 1087 2675 concinnet

131 2694 134 2699 '
208 2687 868 2768 perditorumhominumnecessarioturbulentae.

148 2794 201 2852 107
250 2768 356 2825 Habuit
367 2767 402 2824 de
414 2764 517 2824 eodem
539 2785 585 2823 me
598 2769 626 2824 Ρ.
635 2767 767 2826 Lentulus
789 2768 883 2827 consul
897 2768 1085 2828 concionem:
1113 2804 1128 2849 p

211 2843 357 2903 concursus
364 2843 401 2900 est
408 2843 503 2918 populi
516 2842 639 2900 Romani
651 2845 736 2903 factus
750 2865 757 2902 ι
772 2863 872 2903 omnes
885 2845 1016 2914 ordines,
1029 2854 1087 2901 tota

207 2921 295 2979 inilia
309 2921 449 2977 concione
463 2919 539 2975 ltalia
554 2918 682 2977 constitit.
709 2924 764 2997 egit
777 2922 886 2980 eausam
901 2922 1084 2980 summatum
1112 2862 1128 2989 l

206 2997 340 3073 gravitate
359 2996 495 3069 copiaque
509 2995 635 3064 dicendi,
656 3010 734 3056 tanto
753 2998 879 3068 silentio,
898 3010 975 3057 tanta
990 3014 1085 3073 appro-
1122 3010 1128 3017 ·

210 3074 476 3138 bationeomnium,
496 3071 563 3128 nihil
570 3076 887 3148 utumquamvideretur
900 3087 960 3133 tam
974 3072 1085 3149 popula·

207 3168 238 3208 re
244 3151 278 3209 ad
285 3149 382 3226 populi
394 3149 599 3206 Romaniaures
605 3148 741 3209 accidisse.
763 3150 952 3211 urroduttus
959 3150 998 3210 est
1005 3150 1039 3208 ab
1037 3164 1082 3285 (elo

241 3371 279 3405 rr.
297 3356 345 3414 ruffi
354 3373 386 3402 me
393 3356 480 3414 sallia]
511 3354 578 3402 Alibi
590 3354 715 3420 selegisse
727 3370 779 3404 non
796 3356 912 3406 memini:
931 3355 1029 3423 semper
1037 3354 1079 3407 lies
1093 3373 1099 3381 ·

209 3421 261 3481 Nr'fi
270 3437 303 3466 me
313 3420 481 3478 animusfallir.
499 3423 604 3467 Hotom.
1124 3456 1128 3477 .,

240 3500 277 3536 12.
296 3484 435 3540 Pteleasion]
451 3487 505 3533 Vnt.
524 3484 675 3534 mulieritatis
685 3486 818 3550 exquirenda
828 3487 893 3548 cansa
908 3490 977 3538 ceteri
998 3486 1086 3599 seim
1122 3488 1128 3497 ’

1023 3562 1057 3615 pe
