2332 3908
200 112 283 191 mn
517 106 764 173 Ouurro

199 228 260 271 non
272 207 375 282 esent,
390 209 533 273 civitatem
547 229 607 272 non
621 211 762 271 haberent.
780 209 814 269 In
827 226 887 287 quo
899 222 1003 283 magna
1017 218 1088 265 ton·

200 290 291 347 tentio
305 286 526 349 Heracliensium
540 290 572 347 &
585 289 647 348 Nea
699 289 836 346 'tanorum
851 286 918 357 suit,
940 301 1010 341 curn
1024 298 1086 368 maj

197 379 252 440 gna
265 381 327 440 patr
338 366 369 426 iu
379 368 414 427 iis
427 364 583 437 civitatibus
596 369 626 419 ³⁶
680 363 750 425 dctis
759 363 802 425 sui
812 360 1084 495 fimemciffl

194 583 227 635 de
237 586 354 653 singulari
364 590 465 641 civitate
474 591 545 643 nnius
555 590 654 707 Populi,
671 602 757 641 contra
769 603 845 666 quarn
855 585 977 637 Nicolaus
988 578 1080 647 Rigal-

195 650 245 701 tius
256 650 367 703 senserat.
384 657 501 724 nitergo
513 656 553 705 sen
564 672 591 706 us
602 655 636 705 cst
647 657 718 717 liujus
728 656 815 720 capitis
825 653 888 717 legis
905 648 993 714 Juliae,
1007 658 1036 693 ut
1045 657 1077 693 ex

194 711 306 765 sociis&
323 719 419 767 Latinis
436 719 463 767 in
480 731 578 769 tanturn
594 721 680 785 populi
696 720 824 769 civitatem
839 721 984 765 Romanam
1001 707 1078 780 labe3

194 790 264 836 rent,
281 782 324 845 qui
335 783 445 853 auctores
456 781 541 833 subscri
558 797 674 849 toresquc
688 782 758 841 hujus
776 782 839 847 legis
854 775 945 835 essent,
961 774 1019 829 scos
1032 785 1077 845 11111

194 855 250 890 eant
260 845 343 909 legem
354 845 395 893 sul
405 845 526 895 sententis
538 800 633 912 Ktisque
640 838 953 910 decretitcotnprobasscnt.
970 834 1019 887 Sed
1028 848 1077 885 1111·

193 920 249 962 ror,
265 907 334 971 quod
350 910 417 967 aiunt
429 910 554 974 Rigaltius
565 912 592 960 bc
603 908 754 969 btdlialdus,
767 906 931 957 accusatorem
943 901 1016 957 utlbr
1026 899 1077 971 hoe

195 970 313 1035 precipue
323 972 403 1035 capite
414 972 476 1036 legis
487 973 557 1037 Juliae
567 971 636 1021 usum
645 969 723 1022 fuisse.
756 972 784 1020 ld
795 971 862 1020 enim
873 969 1029 1040 Cicetupon
1038 961 1077 1011 dt·

193 1031 236 1082 cit.
254 1039 324 1082 Errat
335 1036 411 1083 etiarn
422 1050 479 1084 meo
490 1035 580 1095 judicio
591 1037 659 1084 idern
669 1034 818 1092 Bullialdus,
835 1046 891 1081 cum
901 1028 983 1081 scribit
999 1026 1076 1100 legre-

194 1095 301 1144 latorem
313 1096 361 1145 hoc
372 1098 452 1163 capite
465 1100 500 1158 jus
511 1103 630 1148 Romana
641 1099 747 1148 civitatis
754 1096 785 1146 ad
790 1097 914 1162 pauciores
920 1086 1074 1144 restrinxisset

194 1156 343 1223 adpopulos
354 1159 446 1211 scilicet
456 1161 644 1219 benemeritos,
660 1162 703 1227 qui
712 1163 781 1226 leges
796 1165 924 1209 Romanas
942 1152 1077 1227 adsciscetu-

196 1222 231 1270 do
245 1222 371 1272 obnoxios
383 1223 406 1274 se
422 1226 474 1275 illis
490 1223 609 1276 fecissent.
641 1230 703 1274 Non
712 1240 780 1273 emm
791 1226 844 1273 uliae
856 1225 924 1285 leges
935 1218 984 1267 hoc
995 1228 1075 1281 capite

195 1286 381 1355 intelliguntur,
399 1285 439 1339 sed
450 1286 502 1355 ipsa
511 1292 552 1339 lca
564 1290 637 1355 Julia.
670 1294 757 1355 ltaque
772 1287 901 1354 dupliciter
911 1281 1009 1332 fallitur
1018 1280 1076 1331 liul-

193 1348 285 1399 ualdus
299 1353 328 1409 iu
345 1351 415 1413 huius
432 1366 461 1401 ca
478 1354 520 1402 itis
537 1352 717 1419 explicatione,
732 1365 788 1401 tum
804 1349 873 1421 quud
883 1348 933 1420 ¹¹²?
945 1342 1034 1402 verbflr
1049 1354 1075 1391 θ

194 1369 1074 1538 attuitstitit:stituit“statutis‘ttt:

195 1494 894 1674 trististristisirruistitrus
904 1533 1077 1663 trunti:

717 1642 725 1667 5

196 1664 239 1717 bat
248 1664 329 1716 socios
340 1671 421 1721 italici
430 1673 540 1722 nominis
552 1686 580 1720 ac
591 1673 707 1729 Latinos,
723 1670 741 1720 st
753 1670 879 1719 civitatem
890 1662 1007 1729 consequi
1022 1660 1076 1711 vcl·

195 1730 259 1781 lent.
291 1737 368 1782 Potio
384 1745 453 1784 totus
471 1734 512 1784 hic
527 1738 597 1784 locus
609 1737 644 1783 ita
653 1734 791 1785 scribendus
799 1731 909 1783 videtur:
926 1731 973 1792 1in
984 1730 1077 1791 danique

193 1796 274 1856 ΜΔ,
290 1812 335 1861 qu
345 1800 388 1861 Iege
397 1803 479 1846 civitas
490 1803 523 1847 sta
533 1800 560 1860 est
567 1800 633 1860 socir's
643 1800 669 1850 θ’
683 1802 771 1848 latinu
779 1800 877 1853 datam
890 1797 931 1859 qui
937 1790 1077 1866 fvfflffffl·

193 1861 221 1906 di
227 1860 288 1919 falli
297 1877 338 1908 non
348 1863 424 1923 effert,
440 1865 555 1912 civitatem
565 1880 605 1911 non
615 1864 721 1912 hancne.
755 1865 815 1910 llaec
825 1859 893 1907 enirn
903 1856 992 1927 ultima
1000 1851 1075 1903 rerba

194 1924 325 1973 Ciceronis
340 1922 413 1990 ipsius
430 1923 499 1984 sunt,
515 1941 568 1975 non
583 1925 646 1993 legis
662 1924 745 1991 Julia,
761 1936 788 1973 ut
804 1923 914 1989 plerique
925 1917 1075 1969 existimant.

193 1991 225 2035 Η.
240 1989 348 2046 Vallefius.
366 1991 453 2039 Invitis
464 1990 579 2040 omnibns
590 1993 657 2039 MSS.
671 1991 696 2038 bt
708 1987 764 2038 edd.
780 1992 815 2036 ita
825 1989 850 2036 δι
863 1999 888 2033 ur
897 1984 1002 2033 inculcat
1015 1978 1073 2052 Vai-

192 2047 273 2099 lcfius.
291 2055 321 2099 ln
331 2051 395 2102 hauc
405 2052 552 2104 senteutiam
562 2053 641 2103 virum
651 2050 774 2103 summum
783 2049 896 2116 impulit»
912 2046 980 2121 q¹19d
996 2040 1074 2116 ‘¹5⁶¹‘

193 2112 257 2161 derit
268 2127 325 2163 curn
335 2116 404 2174 aliis,
420 2120 616 2181 quipopulifundi
627 2135 668 2164 non
678 2118 753 2178 fient,
769 2127 840 2181 caput
851 2109 897 2160 esse
909 2113 972 2176 legis
989 2106 1075 2173 Jubae,

193 2174 267 2225 salsi).
296 2180 357 2224 Non
368 2176 421 2225 sunt
432 2178 483 2227 brec
493 2179 566 2227 verba
578 2180 640 2244 legis
651 2180 734 2242 Juliae,
751 2180 792 2228 sed
804 2176 949 2233 ciceronis,
966 2168 1034 2239 quod
1045 2169 1076 2219 de

193 2237 290 2285 ultimis
300 2242 416 2286 :intrarem
426 2257 467 2287 nan
477 2244 574 2288 haberent
587 2242 637 2305 ipse
648 2242 709 2290 vidit
719 2240 845 2290 vallesus.
863 2240 911 2290 Cui
921 2236 1003 2293 bone,
1011 2248 1079 2300 qut·

192 2300 235 2355 so,
252 2299 331 2349 cesar
342 2299 393 2349 hac
404 2303 476 2350 verba
487 2302 530 2351 suae
541 2304 607 2367 legi,
623 2318 672 2368 qua
682 2305 808 2353 civitatem
819 2302 915 2352 Latinis
927 2300 1016 2357 dabat,
1033 2297 1079 2348 ad·

191 2361 290 2426 jecisset.
324 2367 408 2414 Nemo
423 2369 597 2415 Romanorum
613 2379 640 2414 ac
656 2367 802 2415 Latinorum
817 2363 961 2429 ignorabat,
978 2365 1077 2413 nullum

191 2426 314 2477 sociorum
324 2428 349 2477 le
366 2442 379 2476 e
389 2433 505 2477 Romana
515 2429 607 2484 teneri,
623 2427 667 2477 nisi
679 2426 728 2493 ipsc
739 2428 829 2477 fundus
839 2428 878 2474 illi
888 2426 938 2490 legi
948 2425 1035 2484 ficret,
1047 2438 1076 2475 ac

190 2490 273 2539 inrito
284 2506 336 2539 non
347 2443 492 2541 fieneficium
511 2491 564 2542 dari
580 2493 605 2542 δι
619 2491 724 2541 obtrudi.
757 2493 861 2547 Cicero,
873 2504 928 2538 eum
940 2488 1005 2540 dixit
1018 2493 1075 2557 lege

190 2555 275 2610 tura,
293 2556 406 2603 voconia
417 2556 521 2621 aliisque
531 2561 619 2604 Roma
631 2556 688 2605 latis
698 2555 793 2621 legibus
806 2553 884 2603 socios
895 2568 923 2602 ac
934 2552 1077 2605 foederatos

189 2631 243 2667 uon
254 2619 346 2675 teneri,
362 2617 407 2667 nisi
416 2620 455 2668 illi
465 2618 537 2668 fundi
548 2620 608 2669 sardii
618 2619 708 2675 effent,
725 2618 809 2676 addit,
826 2621 888 2687 quin
905 2632 951 2667 nec
962 2619 1019 2685 iege
1028 2622 1077 2685 Ju-

189 2682 240 2739 lia,
256 2695 309 2746 qua
321 2683 449 2733 civitatem
461 2682 503 2734 dat
515 2685 611 2734 Latinis
622 2698 650 2732 ac
662 2684 752 2742 ¹sociis,
768 2684 828 2732 illos
845 2683 937 2741 teneri,
972 2686 996 2731 ui
1012 2687 1073 2734 nol·

188 2744 242 2794 lent
253 2743 301 2794 hoc
311 2744 432 2797 beneficio
443 2748 486 2797 uti.
504 2763 549 2797 nec
561 2749 628 2797 enim
640 2746 747 2796 civitatis
758 2749 794 2809 jus
806 2749 886 2797 ullum
897 2698 1014 2814 poptflum
1026 2752 1075 2802 illa

190 2809 246 2873 lege
257 2808 360 2873 potuisse
372 2809 501 2877 consequi,
517 2810 562 2860 nist
576 2812 619 2876 qui
630 2810 719 2860 fundus
731 2812 753 2861 ei
764 2812 816 2876 legi
826 2811 895 2878 Julia
911 2811 988 2862 uuus
1003 2813 1072 2868 effer.

191 2877 249 2922 llac
261 2875 349 2923 cicero
360 2874 463 2935 adiecit,
480 2891 532 2924 non
547 2873 692 2940 legebantur
708 2876 735 2924 in
751 2875 804 2925 ullo
821 2877 901 2941 capite
915 2876 977 2940 legis
992 2876 1074 2942 Juliae.

192 2937 278 2984 Minus
290 2935 442 2988 obscuritatis
453 2937 524 2996 esset,
541 2938 559 2986 sr
572 2953 616 3002 pro
627 2944 740 2996 ualerent,
757 2937 959 2995 scriberetut,aut
971 2936 1077 3006 scripsis-

191 2996 348 3111 soet'ruliius,
363 3005 479 3061 habebam,
495 3001 536 3052 sed
547 3002 721 3069 illudquoque
736 3001 794 3053 ferri
810 3001 890 3069 potest
906 3005 932 3054 dt
948 3005 1077 3071 explicari.

216 3082 305 3114 raevtus.

226 3137 265 3184 26.
282 3130 348 3187 Juris
353 3130 393 3189 fiii
402 3132 546 3189 libertatem]
563 3136 631 3195 Ergo
647 3129 781 3193 municipia
797 3129 910 3195 quadarn
921 3131 1016 3196 legibus
1027 3132 1074 3184 suis

193 3191 323 3249 vivebant,
340 3207 368 3241 ea
380 3191 483 3249 scilicet,
500 3208 553 3258 qus
565 3195 690 3243 civitatem
702 3191 823 3242 habebant
835 3193 886 3243 fine
898 3194 1025 3259 suffragio:
1042 3196 1075 3247 de

215 3254 283 3303 uibus
295 3256 402 3318 loquitur
415 3258 510 3305 Gellius
522 3257 564 3306 lib.
578 3263 640 3306 le.
654 3271 706 3322 cap.
722 3272 758 3311 13·
777 3258 802 3305 &
817 3257 902 3306 Livius
914 3258 956 3307 lib.
971 3264 1012 3308 lx.
1030 3259 1075 3319 ad·

193 3269 268 3365 datto
278 3321 352 3368 trium
363 3322 525 3369 Hernicorum
536 3321 683 3386 populorum
695 3320 819 3382 exemplo.
838 3326 863 3369 Ρ.
876 3326 968 3370 Manat.
1000 3327 1077 3373 Fode-

193 3383 273 3440 rr'rfiar'
283 3384 403 3430 libertatem
413 3388 505 3432 cr'vr'tati
513 3388 665 3441 anteferrent]
680 3387 719 3432 lta
730 3383 792 3432 tall.
810 3383 941 3440 melioses,
957 3386 1019 3434 item
1030 3392 1077 3437 El·

193 3441 258 3497 stud.
276 3445 301 3496 sa
313 3448 337 3496 8.
350 3448 440 3500 vistor.
452 3448 518 3515 ptius
528 3445 585 3504 cufi.
595 3448 705 3511 jurissni
716 3447 789 3499 libert.
800 3449 894 3500 civitati
908 3449 977 3514 meli
993 3454 1081 3502 lloto·

1024 3526 1080 3567 na·
