2318 3914
228 137 316 206 Prto
334 134 380 205 T.
402 132 542 203 Austro
561 132 753 204 Mrtour.
855 132 939 221 2845

90 240 121 283 ’ὃ
133 242 320 321 Quamquam
344 242 401 303 boc
420 244 518 303 animo
537 242 645 321 semper
658 244 762 303 suimus
774 243 782 290 ¹
795 260 897 307 omnes
908 246 938 307 in
947 228 984 293 8²

45 318 148 393 patriae
181 320 348 407 roditoribus
360 317 567 398 opprimendis,
583 332 630 389 ut,
643 320 884 407 quoniam-nostra
897 310 955 383 su·¹
972 325 1062 393 ΜΨ

151 336 200 455 det
226 396 335 472 glorta,
370 396 525 474 periculum
545 401 661 532 quoque
680 397 710 455 δι
729 395 865 455 meldram
884 376 1096 458 no-d‘fi'ffls·

44 406 111 453 stira
131 410 150 453 e

40 469 134 529 stram
169 483 317 533 utarernus.
335 491 403 532 narn
417 490 482 550 quae
494 472 565 533 mihi
577 474 606 550 ip
642 489 664 519 m
675 471 821 531 tribuenda
833 472 972 533 sauses-m
988 486 1082 535 contri·

37 546 103 617 set,
166 566 194 607 m
214 560 324 609 tantum
343 551 372 608 in
394 548 537 608 consulatu
559 566 626 609 meo
638 566 690 625 pro
704 547 784 607 vobis
802 566 836 607 ac
848 543 1098 609 liberisbutndfflii·

37 623 146 683 vestris
167 624 244 685 ausus
265 624 366 696 essem,
387 624 407 685 fi
427 625 473 696 id,
492 643 509 673 π
541 625 599 686 uod
620 624 755 695 conabar,
775 624 833 684 fine
848 628 963 685 marri-n
978 651 1042 688 turn

38 700 104 759 mis
115 700 344 762 dimicationibus
358 701 428 761 meis
441 720 488 761 me
503 642 557 761 ede
571 702 699 762 ausurum
705 700 939 780 arbitrareriquae
948 714 1004 751 ⁰⁰¹¹·
1016 706 1070 755 MS·

40 776 156 837 mulier
175 778 337 838 sceleratum
358 796 391 838 ac
403 778 589 854 perniciosum
604 782 696 838 civem
711 793 726 824 ο
736 778 865 837 occidere
879 798 964 846 nono
981 799 1077 849 intera.

37 852 182 924 auderet,
203 855 223 913 fi
242 855 396 931 periculum
417 872 477 914 non
496 854 635 914 timeret?
655 852 799 930 Propofiti
817 856 1064 927 invidii,cerena.

37 942 163 1000 morte,
183 932 282 1007 poena,
302 933 352 1068 qui
365 931 454 991 nihilo
467 929 573 1008 segnius
586 930 788 1007 rempublicam
803 931 940 1004 defendit,

37 1004 64 1065 is
79 1006 129 1065 vir
142 1006 211 1066 vere
222 1021 308 1085 putan
329 1026 360 1068 us
371 1008 418 1067 est.
435 1006 536 1084 Populi
548 1008 619 1085 grati
632 1008 816 1083 est,praemiis
829 1008 940 1071 afficere

37 1080 124 1141 bene
138 1084 255 1144 meritos
269 1084 304 1145 de
316 1084 455 1161 republica
469 1087 560 1144 cives:
580 1085 634 1144 viri
644 1086 741 1154 sortis,
755 1101 792 1142 ne
802 1082 940 1162 suppliciis

38 1158 169 1236 quidem
184 1165 310 1232 moveri,
328 1174 360 1221 ut
372 1162 480 1221 sortiter
493 1159 587 1220 secisse
599 1162 741 1237 poeniteat.

83 1237 287 1313 Quamobrem
305 1250 429 1297 uteretur
448 1236 550 1295 eadem
571 1236 744 1296 conseffionb
756 1236 795 1296 T.
810 1238 979 1317 Annius,83

37 1326 104 1389 qua
115 1312 224 1383 Ahala,
245 1331 300 1391 qua
314 1312 432 1382 Nafica,
451 1330 507 1390 qua
522 1314 671 1389 Opimius,
684 1330 740 1389 qua
753 1314 939 1394 Marius,qua

38 1389 228 1465 nosmetipsi:
249 1394 297 1461 tlt,
324 1390 434 1466 figrata
455 1390 604 1464 respublica
626 1388 715 1458 esset,
734 1389 895 1451 laetaretur:
916 1394 938 1453 sr

41 1464 177 1539 ingrata,
198 1467 336 1525 tamenin
389 1467 434 1524 avi
452 1466 566 1527 fortuna
585 1465 754 1527 conscientii
771 1465 816 1527 sui
836 1468 940 1529 nitere·

38 1550 101 1599 tur.
121 1541 177 1601 Sed
189 1542 270 1619 hujus
283 1543 353 1602 bene
374 1543 410 1601 cii
422 1543 554 1617 gratiam,
569 1544 696 1619 judices,
715 1544 826 1603 fortuna
846 1563 938 1623 popu·

40 1614 64 1675 li
80 1618 225 1687 Romani,
245 1621 275 1677 δι
288 1620 375 1679 vestra
387 1619 519 1687 felicitas,
539 1621 569 1677 δι
588 1620 627 1678 dii
639 1620 813 1678 immortales
827 1620 873 1679 fibi
887 1623 939 1681 de-

40 1692 225 1771 beriputant.
245 1710 299 1754 nec
310 1696 380 1753 verd
393 1694 541 1771 quisquam
555 1694 632 1753 aliter
646 1695 938 1770 arbitraripotesl,nifi

43 1768 77 1819 ⁸⁷
93 1771 264 1849 quintillam
279 1770 450 1851 majestatem
465 1766 520 1830 esse
531 1768 609 1831 ducit
626 1786 771 1829 numenve
790 1770 935 1833 divinum:

851 1866 939 1924 quem

79 2024 120 2069 86.
138 2020 281 2087 Quanquam
293 2025 329 2068 boa
339 2022 439 2081 anima]
455 2020 512 2069 Dici
530 2013 681 2134 vitfotest,
696 2018 727 2067 ad
743 2019 804 2085 quid
814 2024 936 2086 particula

44 2077 102 2131 lraee
117 2082 269 2134 adversativa
286 2085 422 2141 reseratur,
444 2081 546 2133 sortasse
563 2100 577 2134 a
610 2085 656 2132 illa
671 2081 801 2148 superiora.
822 2088 935 2144 fateretur

41 2162 111 2203 cm,
122 2149 168 2199 dte.
186 2153 271 2196 bonores
281 2152 422 2221 assequeretur
432 2149 576 2212 amplrffimot.
593 2161 737 2214 quanquam
747 2148 774 2196 in
785 2150 850 2198 reste
861 2150 934 2201 fastis

44 2206 74 2257 id
90 2224 146 2258 non
162 2210 297 2276 spectavit,
315 2214 333 2260 ir
351 2211 471 2260 Clodium
487 2226 587 2277 propter
602 2210 780 2277 rempublicam
795 2215 932 2268 interemit.

44 2270 90 2321 vel
101 2272 134 2321 ad
146 2274 190 2323 illa
202 2277 380 2341 propinquiora
396 2293 470 2339 magno
487 2278 630 2340 constantique
647 2279 734 2332 animo,
751 2279 796 2327 &a
815 2278 880 2343 quasi
892 2278 933 2329 di-

45 2348 129 2393 oetet,
147 2352 289 2403 quanquam
300 2355 351 2387 non
362 2337 395 2387 est
408 2353 502 2403 magna
519 2338 659 2386 constantia
678 2339 819 2397 hujusmodi
831 2344 933 2407 ingrate

45 2398 159 2449 civitatis
171 2404 268 2451 animos
279 2401 356 2452 ferret
373 2403 432 2468 quia
443 2404 479 2451 vir
491 2401 565 2451 fortis
575 2417 627 2450 non
639 2416 739 2466 propter
755 2417 839 2466 gratos
852 2408 932 2464 cites,

44 2466 254 2524 autmercedern,
271 2466 310 2515 sed
322 2480 422 2531 propter
431 2465 508 2530 ipsam
519 2467 616 2514 virtutis
633 2465 786 2513 honestatem
804 2482 932 2533 operatur,

45 2540 131 2601 neque
141 2526 184 2576 suo
194 2529 243 2578 fine
256 2528 392 2587 frustratur,
409 2528 503 2578 etiamsi
516 2528 556 2577 sua
567 2529 643 2577 virtus
654 2531 736 2577 minus
752 2543 822 2594 grata
838 2534 934 2583 cecide-

43 2591 79 2641 xit
91 2604 194 2656 ingrate
206 2594 308 2642 civitati.
327 2597 425 2641 Abram.

78 2662 118 2709 87.
137 2658 188 2720 Qt‘
196 2661 280 2704 nullam
291 2660 341 2703 vim
351 2658 389 2716 effe
399 2659 457 2704 daris
468 2672 573 2702 trameant
589 2657 720 2713 divinum]
752 2657 790 2704 Sic
807 2660 867 2707 tall.
887 2658 934 2707 ali·

43 2730 124 2789 quot,
140 2717 173 2768 sic
184 2719 263 2769 Werd.
276 2720 341 2768 liitt.
354 2724 425 2769 Grut.
442 2733 501 2767 narn
514 2718 644 2775 nonnulli,
659 2723 701 2792 qui
709 2721 793 2767 nullam
802 2722 935 2783 majestatem

42 2783 84 2843 mse
90 2794 157 2845 putat
167 2801 272 2831 numanae
282 2788 400 2840 divinam,
417 2782 547 2847 quomodo
558 2784 583 2831 δι
595 2783 708 2847 primitus
719 2781 833 2847 impressi.
851 2785 934 2849 poste-

41 2846 123 2895 tiotes
135 2847 203 2895 enim
216 2852 265 2893 vim
282 2848 381 2899 calefiam
398 2851 436 2908 effe
452 2847 562 2905 existimat
577 2864 683 2893 numenve
700 2847 811 2894 divinum.
832 2850 930 2900 Gruter.

42 2908 185 2966 Maiestatem
196 2912 223 2960 δι
234 2910 283 2974 ipse
293 2911 370 2974 reperi
382 2911 407 2956 in
419 2908 530 2958 editione
542 2911 602 2959 anni
619 2925 687 2970 1472.
722 2913 781 2957 Non
798 2909 884 2959 frustra
903 2914 930 2963 id

43 2970 139 3021 lee’tum
156 2971 204 3021 suit
220 2974 246 3021 in
263 2974 315 3021 illis
332 2971 478 3029 codicibus,
495 2988 525 3021 ex
543 2973 630 3039 quibus
647 2971 789 3021 vetustiores
806 2974 929 3025 editiones

42 3034 100 3084 sunt
120 3038 279 3085 concinnate.
314 3042 406 3101 Vereor
421 3048 463 3091 ut,
479 3039 522 3100 qui
534 3036 582 3084 hoc
593 3038 767 3093 immutarunt,
785 3039 868 3102 &pro
880 3057 931 3085 ma-

39 3100 139 3163 jestatem
156 3098 329 3163 supposuerunt
343 3094 409 3157 irim,
426 3100 494 3148 vocis
510 3100 578 3147 illius
595 3101 714 3149 rariorem
730 3102 862 3149 notionem
875 3116 928 3151 non

43 3161 224 3213 intellexerint.
243 3166 307 3213 ilinc
319 3162 363 3212 alii
374 3162 520 3212 addiderunt
529 3163 629 3221 catellam
636 3182 644 3219 ;
661 3179 718 3213 cum
728 3164 766 3212 vis
776 3164 882 3213 corlenis
898 3163 930 3215 tit

62 3226 156 3275 enuina
165 3225 336 3291 interpretatio
347 3227 415 3276 vocis
425 3226 532 3281 maiestas.
549 3226 614 3275 hanc
624 3241 684 3275 vero
699 3228 930 3291 interpretationem

44 3240 176 3340 {auserunt
187 3306 219 3340 ex
231 3308 283 3340 non
294 3292 370 3355 longe
381 3290 434 3355 post
446 3287 600 3356 sequentibus
613 3289 706 3346 verbis,
724 3292 775 3351 fist,
792 3294 819 3349 esi
834 3296 929 3355 profem

44 3356 88 3401 itta
98 3358 150 3409 vis,
168 3369 241 3418 quam
254 3357 372 3405 nimirum
383 3355 513 3416 majestatem
525 3354 621 3404 dixerat
637 3371 743 3401 numenve
753 3358 864 3405 divorum.
895 3363 931 3404 Vis

45 3417 72 3466 se
84 3416 198 3477 majestas
214 3420 371 3484 conjungitur
388 3433 401 3467 a
421 3420 527 3467 Nazario
545 3420 572 3467 in
590 3417 738 3484 Panegyrico
756 3418 930 3474 Constantini,

42 3479 86 3533 ubi
102 3481 215 3546 loquitur
231 3481 262 3533 de
278 3482 435 3547 providentia
451 3482 550 3539 divinat
566 3484 611 3535 tila
628 3486 698 3550 egitur
708 3485 762 3541 ait,
777 3484 822 3536 itta
832 3481 937 3604 mutesque
955 3506 959 3511 ·
1059 3496 1066 3505 ·

919 3562 962 3591 0·-
