2318 3914
218 110 308 211 2²72ss
434 164 511 193 -,-,
547 107 798 175 Olario
904 148 925 155 ..

220 281 357 333 {imitatem
375 280 467 332 amicus
483 295 535 332 erat
555 282 663 343 Miloni,
679 279 753 349 eglise
769 276 1028 348 quoquedicebatur,
1043 277 1100 353 neit
1131 276 1133 322 ἱ

218 346 255 395 dc
264 346 312 403 hac
320 360 346 395 re
356 345 507 396 confidendo
515 343 610 395 invidid
619 358 740 407 oneraret.
917 386 927 409 Χ,
1096 356 1099 361 ·

224 430 227 437 ·
249 412 322 458 'lutet
338 410 388 459 bec
398 424 454 459 cum
464 406 621 461 crebresceret
637 422 733 465 rumor,
750 408 962 475 cn.1’ompejnm
978 407 1055 471 creari
1068 406 1100 457 dp
1130 412 1133 449 l

221 471 363 535 ameum,
380 488 461 539 neque
479 486 617 539 opportune
632 474 705 523 aliter
720 472 789 521 mala
804 472 913 521 civitatis
930 471 1013 523 sedari
1027 466 1098 538 poliat
1128 476 1133 511 ¹

222 536 303 587 'vilum
315 536 349 585 est
366 537 541 603 optimatibus,
557 536 633 586 tutius
648 534 710 594 effe,
726 548 782 585 eum
798 536 927 595 coniuiem
942 534 1000 585 fine
1012 536 1100 601 collepa
1128 540 1133 573 ¹

221 610 320 651 creare:
337 602 364 650 dt
374 614 430 649 cum
439 601 545 651 tractata
554 613 584 649 ea
594 612 632 649 res
642 596 701 648 eii'et
712 598 739 648 in
750 596 848 657 senatu,
859 598 929 648 fauo
941 600 971 648 iii
981 602 1021 651 M.
1030 596 1100 649 urbii
1129 605 1133 639 l

222 659 371 729 sententiam
382 669 405 715 S.
417 667 450 729 c..
465 666 610 731 lompejus,
623 661 657 727 ¹ab
669 665 790 728 interrege
806 666 855 713 ser.
868 662 994 729 sulpitio,
1009 676 1035 713 a.
1044 662 1099 715 :cel
1131 672 1133 703 ³

223 732 301 803 Mart.
317 724 402 803 ratense
414 724 583 788 intercalario,
599 724 685 777 consul
693 738 790 777 creatur
802 726 836 781 est
851 725 989 795 statimque
999 715 1099 789 confile-
1131 757 1133 769 ·

222 802 353 842 mmmm.
386 823 391 837 t
1091 816 1094 823 '

226 874 229 879 ·
255 854 353 905 Deinde
368 854 423 921 post
438 854 505 903 diem
522 854 622 904 tertium
640 850 673 903 de
686 849 783 919 legibue
799 851 872 901 nouis
887 850 1002 903 ferendis
1011 850 1098 903 retullu
1128 854 1133 895 l

222 917 285 969 dana
295 934 326 968 ex
337 924 359 967 S.
372 924 403 968 c.
416 918 513 983 promul
532 921 590 969 avit.
609 918 720 977 Alteram
730 914 761 965 de
771 914 810 975 vi,
827 930 877 982 qua
891 916 1049 965 nominatim
1062 928 1098 965 α·
1128 912 1133 957 l

223 982 325 1031 demin
342 982 423 1051 Appia
439 982 478 1031 via
493 979 519 1032 fa
544 996 598 1039 am,
614 982 642 1031 δι
659 978 801 1029 incendium
812 980 896 1036 curiae,
913 978 1097 1037 &documii
1127 988 1133 1043 Ι

223 1045 313 1111 Lepidi
323 1044 450 1109 interrepir
461 1058 629 1111 oppugnatam
640 1041 838 1119 comprehendit.
859 1042 977 1101 Alteram
990 1041 1022 1093 de
1031 1040 1097 1103 anbi-
1127 1052 1133 1111 l

222 1120 266 1157 rat
282 1120 385 1173 poenam
394 1107 533 1174 graviorem
547 1111 573 1160 δι
584 1106 693 1159 formam
703 1106 852 1171 pudiciorum
860 1104 1013 1157 breviorem.
1033 1110 1095 1157 vna·
1128 1116 1133 1149 ι

224 1186 275 1239 que
284 1174 352 1221 enim
362 1172 404 1221 lex
415 1172 481 1236 priua
491 1170 562 1221 testes
573 1171 626 1223 dari
636 1186 679 1239 per
688 1168 905 1245 triduum4deinde
914 1184 969 1221 uno
981 1168 1023 1221 die
1034 1182 1058 1219 at
1129 1169 1133 1215 i

125 1260 130 1265 -
222 1234 315 1283 eodem
326 1236 353 1285 dc
365 1232 395 1284 ab
405 1233 544 1285 accusatore
560 1226 586 1286 a
602 1232 692 1295 abreo
703 1227 812 1301 perorari
826 1232 948 1295 iubebat,
969 1234 1007 1284 ita
1016 1243 1044 1283 ut
1074 1288 1077 1293 ,

222 1296 290 1347 bora
302 1296 448 1357 accusatori,
464 1310 514 1349 tres
525 1314 569 1350 reo
578 1298 701 1359 darentur.

255 1362 301 1412 llia
310 1362 405 1429 legibus
417 1358 530 1413 obfistere
540 1366 578 1412 M.
586 1360 802 1419 cellararium
817 1360 852 1427 pl.
864 1356 1094 1409 liudiofillimualli·

221 1425 304 1482 louia,
311 1437 412 1474 conatur
423 1424 547 1498 est,quod
557 1427 583 1475 dr
594 1425 751 1499 privilegium
761 1422 853 1475 diceret
862 1424 890 1472 in
902 1424 1033 1473 Milonem
1041 1422 1094 1481 feru}
1131 1446 1133 1455 ¹

141 1538 146 1547 ,
222 1492 252 1539 lic
261 1489 350 1549 judicia
360 1488 431 1553 praei
448 1488 517 1537 itari:
535 1491 560 1537 br
571 1502 627 1537 cum
635 1488 784 1553 pertinacius
794 1488 880 1555 legem·
887 1487 976 1551 ¹celius
987 1488 1094 1553 vitupera

222 1564 275 1606 tet,
290 1565 322 1599 eo
332 1565 406 1615 proce
434 1550 496 1600 tirae
509 1554 652 1617 Pompeius,
668 1562 695 1601 ut
707 1550 812 1610 diceret,
827 1550 846 1601 fi
862 1550 965 1599 coadiua
981 1548 1052 1609 eil'er,
1065 1564 1094 1601 er·

223 1615 311 1663 minse
329 1629 406 1727 remp.
419 1611 586 1665 defensurum:
602 1614 706 1664 timebat
723 1610 807 1664 'autem
823 1615 955 1688 lompejus
966 1615 1095 1688 Milonem

223 1676 1096 1855 ffiulfilqllliluli‘assliillllila,slaiim&

223 1820 313 1855 manue
323 1806 433 1854 militum
444 1804 590 1855 excubabat:
612 1818 713 1869 enatum
722 1820 822 1871 quoque
832 1801 907 1854 semel
918 1806 948 1853 ln
957 1804 1055 1871 porticu

221 1864 340 1919 habuerat
350 1869 494 1933 Pompeius,
510 1868 578 1933 qubd
588 1866 679 1919 diceret
689 1869 778 1918 timere
787 1866 810 1918 sc
821 1867 957 1921 adtentum
968 1868 1091 1931 Milonis.¹

254 1933 320 1993 Dein
331 1930 447 1997 proximo
458 1933 541 1981 senatu
556 1940 581 1983 Ρ.
595 1930 743 1982 cornificius
753 1931 844 1983 ferrum
855 1932 985 1981 Milonem
993 1932 1058 1983 iutra
1065 1942 1096 1981 tu·

221 1996 307 2045 nicam
322 1994 411 2045 habere
426 1994 457 2044 ad
472 1994 553 2045 femur
568 1995 699 2061 alligatum
713 1994 816 2045 dixerat.
833 1994 1014 2059 postulaverat,
1028 1993 1095 2057 urie

222 2071 280 2109 tuor
289 2058 406 2109 nudaret:
424 2061 450 2108 δι
463 2057 507 2108 ille
517 2060 567 2109 sine
578 2072 650 2110 mora
660 2058 778 2108 tunicam·
786 2060 917 2107 levaverat.
935 2070 992 2109 tum
1008 2062 1047 2109 M.
1058 2057 1096 2107 ci·

221 2117 281 2171 'cero
293 2123 580 2179 exclamaverat,omnia
588 2123 629 2171 illi
638 2122 730 2173 fimilia
739 2122 844 2175 crimina
853 2119 977 2188 eise,qu2
987 2122 1016 2173 in
1025 2122 1096 2173 Mliu-

222 2200 282 2235 nem
292 2185 429 2234 dicerentur
439 2186 497 2234 alia.

232 2306 234 2310 Ι
256 2246 354 2296 Deinde
371 2247 498 2296 Munatius
514 2250 618 2299 Plancus
633 2250 743 2301 tribunus
759 2250 794 2315 pl.
805 2248 956 2315 produxerat
966 2248 993 2299 iu
1003 2248 1100 2299 concio·

223 2324 284 2360 nem
295 2314 333 2361 M.
345 2311 471 2361 AEmilium
482 2309 665 2371 Philemonem,
681 2328 769 2364 notum
780 2311 923 2371 hominem,
940 2313 1054 2363 libertum
1063 2314 1099 2363 M.

222 2374 321 2439 Lepidi.
337 2372 358 2422 ir
368 2374 392 2422 se
403 2372 514 2431 dicebat,
529 2377 668 2443 pariterque
678 2374 758 2426 secum
768 2389 874 2441 quatuor
888 2377 982 2427 liberos
990 2376 1099 2435 bominer

221 2438 272 2489 iter
281 2436 400 2487 facientes
410 2435 434 2485 su
452 2436 582 2498 erveuiile,
599 2454 655 2489 cum
671 2440 775 2491 clodius
793 2436 960 2498 occideretur,
975 2442 1014 2497 tc,
1030 2439 1062 2488 ob
1073 2438 1097 2489 id

223 2516 281 2550 ctam
292 2504 403 2567 proclam
438 2515 499 2560 ent,
520 2501 641 2569 abreptos¹
651 2505 676 2553 bt
688 2503 816 2569 perdueios
832 2503 859 2552 in
875 2504 966 2555 villam
981 2502 1096 2563 Milonis,

223 2564 310 2630 ibique
326 2579 369 2630 per
384 2565 446 2614 duos
462 2564 558 2615 menses
574 2565 702 2633 praeclusos
717 2566 802 2617 ftriffe:
818 2581 897 2633 eaque
912 2582 966 2626 ret,
982 2564 1098 2623 seuam,

223 2626 265 2677 seu
274 2626 348 2686 falsa,
365 2642 484 2695 magnam
494 2630 614 2679 invidiam
626 2631 719 2681 Miloni
729 2642 893 2681 contraxerat.
909 2630 1037 2696 iidemque
1046 2632 1104 2679 Ma·

226 2692 307 2741 narius
314 2693 340 2741 δι
350 2695 477 2758 lompejus
484 2727 491 2751 ,
498 2694 589 2744 tribuni
599 2693 634 2761 pi.
647 2694 673 2743 in
684 2696 772 2743 Rostra
781 2691 1101 2759 produxeranttriumtirum
1131 2733 1133 2741 ,

225 2756 376 2821 capitalem,
394 2771 499 2824 cumque
514 2759 744 2822 interrogaverant,
760 2771 792 2805 an
810 2757 928 2807 Galatam
940 2756 1047 2808 Milonis
1060 2756 1104 2809 iet·
1131 2785 1133 2801 ι

223 2833 282 2868 vum
294 2819 369 2868 cades
380 2819 512 2872 facientem
524 2817 724 2885 deprehendisset.
740 2821 785 2869 ille
797 2818 966 2871 dormientem
976 2818 1102 2871 intaberna
1131 2866 1133 2885 ,

222 2897 270 2994 pro
278 2882 388 2949 ,fugitivo
398 2884 585 2949 deprehensum,
603 2882 671 2933 &ad
684 2882 708 2933 se
718 2884 862 2949 perductum
873 2882 921 2933 eise
932 2882 1099 2952 responderat:

242 2947 430 2996 enunciaverant
440 2960 524 2995 tamen
536 2948 679 3002 triumviro,
696 2961 728 2996 ne
738 2944 832 2996 servum
842 2947 995 3007 remitteret,
1012 2946 1053 2998 sed
1062 2960 1102 3013 pu·

221 3008 284 3058 liera
294 3009 334 3058 die
344 3010 557 3083 celius,tribunur
567 3012 601 3084 pl.
614 3013 639 3061 &
653 3011 772 3084 Manilius
779 3011 1029 3085 ¹caniauut,collega
1039 3014 1094 3075 elau

221 3072 1101 3195 ‘illinitalulliiiilllltllzlllltlli,,aaa

220 3202 280 3265 quia
291 3201 326 3248 ita
338 3214 519 3265 compereram,
535 3202 620 3266 putavi
630 3200 785 3267 exponenda.

251 3268 318 3313 lnter
334 3266 428 3328 primos
445 3265 471 3313 bt
487 3268 521 3327 Q
531 3266 675 3329 Pompeius,
692 3267 718 3317 &
729 3269 761 3315 C.
773 3264 913 3323 sallustius,
929 3266 957 3317 δι
969 3264 1001 3317 Τ.
1014 3270 1101 3317 Muna-

219 3326 268 3373 tius
281 3328 492 3386 l’lancus,tribuni
503 3329 537 3392 pl.
551 3328 729 3378 inimiciilimas
741 3330 874 3379 conciones
886 3328 1103 3381 deMiloueltabe·

217 3387 294 3443 bant,
309 3390 441 3440 invidiosae
452 3392 528 3441 etiam
538 3391 569 3441 de
581 3395 715 3449 Cicerone,
722 3392 791 3457 qubd
801 3394 930 3443 Milonem
939 3405 1016 3444 tanto
1025 3393 1101 3444 undo

214 3450 365 3505 defenderet.
382 3467 485 3523 eratque
494 3456 606 3509 maxima
614 3469 670 3525 para
679 3452 1099 3575 multitudinbmfensanonsoffim
