2318 3914
185 161 677 231 Pito'M.Coer'ro.
779 167 864 251 2569

24 266 116 329 fundit
129 268 323 329 adolescentie
336 269 515 346 cupiditates:
532 285 599 346 quae
612 267 633 327 fi
647 269 684 328 itr
698 284 859 349 erumpunt,

24 345 126 405 nullius
147 346 235 405 ritem
255 346 435 416 lebefodient,
455 345 555 405 nullius
573 345 695 406 domum
715 354 841 410 everterit
847 372 859 420 ς

24 422 70 483 ies
88 423 122 481 dt
135 421 288 482 tolerabiles
299 422 393 483 heberi
404 421 501 481 solent.

24 498 67 559 'ed
83 509 122 558 tu
141 499 212 558 mihi
230 498 359 559 videbere
373 517 408 558 ex
422 497 570 558 communi
583 497 699 557 infamia
708 498 906 574 juveututit29

24 592 98 653 prem
111 574 247 635 invidiam
254 575 347 635 Coelio
361 574 433 634 velle
446 574 577 634 conflare.
596 575 695 652 ltaque
702 591 789 634 omne
795 575 861 636 illud

24 652 134 723 otium,
171 651 230 712 uod
250 652 288 712 est
307 651 430 711 orationi
442 652 576 711 tributum
589 662 662 721 tuae,
681 653 734 710 fuit
747 653 784 711 ob
798 669 861 711 eam

24 728 105 799 sem,
123 744 164 806 qu
217 746 275 789 uuo
289 745 340 788 reo
354 726 497 805 proposrto
511 728 547 787 de
559 726 714 787 multotum
728 724 801 788 vitiis
814 745 864 788 co·

24 803 140 865 rhemor.
157 802 249 863 Facile
264 804 302 863 est
314 805 442 863 accusare
455 803 601 873 luxuriem.
620 804 680 863 dier
688 805 750 885 jam
757 804 863 865 mede-

24 892 67 951 et,
87 879 127 952 fi,
144 897 210 1017 puae
224 880 280 941 dici
292 883 322 940 in
335 898 398 941 eam
410 880 575 939 sententium
588 878 713 956 poffunt,
722 897 809 940 coner
815 900 864 943 ex·

24 974 123 1017 urere:
163 974 180 1018 e
193 956 415 1045 corruptoiir,de
427 955 582 1026 adulteriis,
602 959 632 1006 ⁴⁶
647 956 683 1017 de
697 960 863 1044 protervita-

37 1032 77 1093 de
95 1032 154 1095 sum
188 1032 263 1106 'bur,
280 1033 417 1093 immense
436 1034 528 1093 oratio
548 1032 594 1092 est.
611 1044 643 1092 ut
655 1033 705 1093 tibt
717 1042 797 1094 reum
811 1053 863 1094 ne·

24 1109 136 1180 rem,s
186 1109 253 1170 vitia
272 1127 428 1189 proponas,
446 1126 489 1169 res
507 1120 604 1169 tamen
623 1110 677 1186 ipso
698 1111 727 1169 &
746 1111 860 1200 copiose

24 1185 140 1264 graviter
151 1185 269 1246 accusari
281 1187 379 1264 potest.
396 1185 443 1247 sed
455 1184 552 1245 vestrae
563 1185 590 1244 sa

29 1304 39 1333 ,
56 1280 119 1323 non
132 1261 230 1323 abduci
242 1262 276 1322 eb
288 1281 355 1323 reo:
374 1280 444 1333 nec,
458 1280 531 1340 quor
543 1186 769 1323 acuiiiiitiraeabiestot’
780 1189 861 1323 iiii-

24 1339 229 1416 tgravitatque
248 1339 358 1410 vestra,
378 1338 444 1399 cim
463 1356 513 1399 eos
531 1339 672 1399 accusator
693 1343 810 1401 erexerit
828 1343 858 1400 in

24 1424 50 1484 t,
63 1419 95 1474 in
107 1415 191 1484 viria,
203 1416 232 1473 in
245 1433 353 1485 mores,
372 1415 402 1475 in
415 1427 560 1491 temporo,
579 1418 708 1476 emittere
720 1418 750 1475 in
762 1417 858 1477 homi·

24 1508 42 1551 u
60 1492 95 1552 δι
112 1491 142 1550 in
163 1509 259 1552 reum:
279 1509 344 1552 cum
357 1491 379 1552 is
391 1508 450 1552 non
461 1492 512 1551 suo
531 1492 665 1563 crimine,
683 1492 731 1553 sed
751 1494 857 1554 multo-

24 1568 121 1627 rvitio
135 1566 167 1626 stt
178 1569 208 1626 in
222 1569 365 1644 quoddam
380 1568 478 1628 odium
490 1567 619 1643 injustum
633 1583 758 1630 vocotus.
907 1608 962 1656 M

24 1642 109 1722 [teque
121 1641 256 1703 severitati
268 1657 343 1715 tuae,
362 1657 395 1703 ut
406 1656 535 1720 oportet,
553 1646 591 1702 iro
610 1646 775 1720 respondere
793 1665 852 1708 non
864 1684 900 1745 30
925 1641 932 1655 ’
963 1642 970 1655 ’

24 1719 84 1781 leoz
103 1729 133 1770 θ’
147 1732 206 1780 etat
225 1722 303 1782 enim
323 1737 421 1782 meum
441 1720 582 1798 deprecari
593 1724 773 1857 vacationerp
782 1724 855 1857 sado·

765 1816 781 1856 e
793 1817 859 1859 cen·

24 1936 103 1991 nolte.
114 1938 199 2005 contuso
208 1943 319 2001 omnim,
336 1940 405 2009 quod
414 1935 515 1992 forttffe
526 1952 609 1988 retum
621 1940 663 1989 est.
690 1939 728 1989 sic
739 1940 805 1989 enim
816 1941 856 1991 in-

24 2014 46 2052 Ιί
55 2003 105 2053 titt
122 2007 165 2052 Sed
174 2007 271 2055 obhorret
281 2025 322 2055 nor
332 2009 392 2056 mode
404 2009 431 2051 or
440 2010 505 2060 heinr
511 2005 581 2064 seculi
591 2007 679 2052 licentio
686 2037 693 2062 ,
701 2022 778 2052 verum
784 2009 853 2054 eriam

24 2068 106 2127 ςὀΜ
115 2069 262 2130 eoossenudioe
271 2085 336 2133 etque
345 2068 444 2129 conceffir.
462 2070 540 2117 Graev.

24 2134 41 2179 t
56 2132 265 2194 nuperrime]
291 2136 332 2181 ne
341 2131 454 2198 procacio
463 2129 513 2181 five
522 2129 666 2198 petitorio
700 2129 853 2193 claudimur

27 2196 60 2245 fl.
72 2192 100 2243 tn
112 2196 189 2243 iutro
207 2195 273 2243 ium:

107 2282 173 2300 --
187 2210 283 2318 ἔννοια
292 2276 368 2308 venere
375 2260 487 2325 protervi,
569 2283 572 2287 >

71 2322 206 2385 Lessivique
211 2325 277 2385 serres.
295 2349 389 2364 --

24 2382 99 2434 eurio
110 2386 309 2435 heautontimor.
322 2387 377 2436 astu
387 2390 428 2435 lv.
439 2383 471 2434 sc.
487 2402 508 2443 ς.
521 2389 535 2434 s
553 2400 606 2436 rum
618 2385 680 2434 Cliti
698 2385 785 2446 honri,
807 2390 852 2454 qui

24 2462 43 2496 o
53 2459 113 2498 onte
125 2447 206 2523 nesqio
218 2449 278 2523 quid
289 2450 328 2498 rel
342 2452 493 2516 petulantius
508 2402 552 2500 vei
565 2402 734 2501 immodeiiue
751 2466 849 2520 egerat,

24 2523 162 2578 putentem
172 2512 280 2562 induert:

64 2577 143 2641 Qum
151 2587 203 2638 pone
213 2591 252 2624 ruo
262 2594 296 2624 me
304 2578 401 2639 perdidit
406 2578 550 2642 proterviter.

24 2636 83 2687 {tino
95 2640 115 2686 1.
129 2640 275 2688 carminum
288 2638 343 2689 ode
357 2656 392 2695 19·

65 2705 195 2764 vritgrato
201 2709 335 2766 proterviter

24 2824 53 2877 Μ
64 2768 97 2814 Bt
107 2767 184 2813 vuitus
194 2770 290 2816 nimirem
301 2769 396 2816 lubricus
406 2768 496 2833 edspr‘ci.

53 2840 70 2877 e
80 2843 121 2884 25.

63 2894 251 2952 Partr'urjreniies
260 2898 364 2958 quatiunt
371 2895 477 2956 fenestras

64 2957 149 3005 luitur
159 2959 237 3004 crebris
242 2961 335 3018 juvenes
342 2961 449 3022 protervi.

24 3044 114 3097 miras
124 3047 208 3112 itaque
219 3044 286 3096 idem
297 3046 330 3096 est
341 3061 416 3112 arque
428 3050 564 3112 procaciter
575 3049 781 3116 firepetulerrtie,
788 3068 850 3119 que·

24 3108 51 3161 ie
63 3107 127 3160 solet
138 3110 165 3157 in
175 3110 326 3174 pecudibus,
350 3111 409 3161 dum
422 3112 446 3160 vi
463 3116 556 3163 amoris
567 3116 685 3180 proritare
698 3116 771 3164 obvie
783 3132 849 3182 qure-

24 3174 165 3239 propeilunt
178 3187 206 3222 ac
217 3188 353 3237 proterunt.
387 3175 501 3224 Advertit
518 3181 628 3227 Levinue
642 3179 784 3228 Torrentius
801 3181 849 3236 hee

30 3236 134 3303 proprie
146 3234 214 3286 usum
225 3235 272 3287 effe
285 3239 440 3296 Lucretium,
458 3254 515 3288 eum
527 3242 575 3289 ait:

62 3303 187 3365 capripedes
197 3305 267 3364 agitor
277 3320 325 3349 cum
334 3305 382 3350 loto
389 3306 505 3368 protervia
519 3309 599 3353 Penes.
616 3302 718 3354 Abram.

24 3426 31 3443 .
47 3394 109 3440 Erae
119 3407 191 3438 meum
203 3393 313 3454 deprecari
322 3398 458 3442 vocationem
464 3396 616 3453 adolescentie,
625 3397 755 3460 venientque
762 3405 852 3460 petere]

24 3455 51 3504 io
61 3453 126 3520 quid
137 3451 226 3503 sentire
236 3455 339 3506 debeam
355 3456 387 3506 de
403 3457 512 3506 lectione
531 3454 643 3508 tameo.
659 3470 716 3508 tert.
736 3462 806 3510 Grut.
825 3464 852 3510 δι
953 3505 959 3519 ,

26 3530 93 3571 veit·
107 3532 155 3570 em
166 3535 238 3571 mem
247 3522 273 3570 de
279 3522 609 3643 preavgrg'cztp'epeaoiioisesemiae
618 3525 709 3575 veniam
714 3534 794 3588 petere.
801 3536 856 3637 “ip
908 3545 910 3551 ¹
