2318 3914
204 147 288 213 2470
402 108 442 200 J
521 126 809 195 Ouar'ro·
902 136 905 141 ’

104 300 107 311 ¹
205 232 266 301 nis,
284 234 315 293 in
330 231 472 293 Calatinos
484 229 587 294 Atilios
598 232 718 305 inlitus,
738 234 832 294 tubiro
848 235 1043 297 ”nominibus
1063 237 1096 294 in

206 310 311 371 tabulas
324 310 429 379 relatis,
448 324 556 371 nomen
567 311 648 370 suum
663 311 698 370 de
711 312 802 371 tabula
821 310 932 373 sustulit.
964 314 1093 374 Veniunt

60 395 62 403 ¹
112 415 119 429 ·
147 414 156 431 ·
206 385 482 460 natendaeJanuarii,
500 387 726 448 roshaecmeliin
739 388 938 466 seirepotestis:
959 392 1094 468 equidem

208 463 302 529 audita
310 464 390 523 dico:
402 470 476 542 'quae
487 476 548 524 tum
565 467 720 542 frequentia
732 465 855 535 senatus,
875 484 940 544 quae
954 467 1094 545 exspecta-

208 541 250 597 tio
263 541 376 617 populi,
396 543 444 618 qui
452 543 599 601 concursus
611 544 769 618 legatorum
778 562 812 602 ex
820 543 897 603 Italia
904 545 1097 623 eorumquae

208 617 317 688 virtus,
338 619 411 677 adiio
427 662 435 689 ‚
454 618 573 695 gravitas
590 621 619 679 P.
634 620 748 678 Lentuli
768 620 887 679 consulis
907 623 1009 692 fuerit,
1028 637 1114 701 quae·

209 695 421 772 etiameollegae
429 697 487 770 ejus
495 695 653 755 moderatio
668 696 774 756 deme:
813 697 843 756 ui
858 695 922 757 cim
937 699 1099 759 inimicitias

210 768 258 830 fibi
274 791 387 833 mecum
402 791 437 831 er
451 773 609 848 reipublicae
623 714 933 849 offentoneiusceptas
946 772 1002 834 effe
1016 775 1099 835 dixis-

210 846 267 916 set,
286 868 333 908 eas
344 848 370 907 se
384 849 504 924 patribus
518 849 677 926 conscriptis
692 849 762 911 dixit
782 861 810 900 ⁵⁹
820 852 849 909 de
863 852 1038 928 temporibus
1044 853 1100 913 rei·

103 950 109 961 ,
209 923 537 1001 publicaepermiffurum.

166 1009 200 1073 73
251 1002 384 1061 XXXIV.
402 1001 460 1061 Tu
470 1023 491 1060 rr
507 1002 668 1079 ⁶⁰princeps
679 1013 790 1080 rogatus
803 1002 967 1063 sententiam
982 1005 1018 1063 L.
1026 1005 1100 1066 Cot·
1114 1040 1117 1046 ·

211 1087 240 1134 ta
251 1077 320 1137 dixit
333 1078 378 1148 id,
398 1078 476 1155 quod
491 1079 678 1214 diffniffimum
693 1078 832 1157 republica
844 1081 907 1151 fuit,
917 1080 985 1139 nihil
999 1081 1035 1141 de
1050 1100 1100 1144 me

212 1152 451 1232 adiumeffejure‚
470 1157 527 1215 nihi
547 1156 791 1232 moremaJ'orum,
811 1156 880 1215 nihil
894 1157 1014 1233 legibus:
1036 1176 1098 1220 non

51 1232 70 1332 ζ
92 1228 186 1282 pertus-
212 1228 288 1310 polle
301 1249 476 1310 quemquam
488 1233 524 1292 de
539 1232 652 1293 civitate
665 1233 727 1293 tolli
740 1231 798 1291 fine
810 1232 932 1306 judicio:
952 1233 988 1293 de
1003 1238 1098 1311 capite

52 1294 113 1410 (122⁰
122 1279 200 1393 ἓξ
212 1309 456 1395 nonmoddferri,
475 1309 522 1368 sed
529 1327 565 1368 ne
575 1309 691 1384 judicari
698 1309 814 1386 quidem
830 1307 923 1384 posse,
944 1309 994 1368 nis1
1002 1313 1100 1372 comi·

52 1411 187 1473 Pom„-
211 1393 254 1441 tus
267 1386 439 1445 centuriatis:
460 1387 520 1445 vim
536 1383 614 1445 fuiffe
626 1384 719 1455 illam,
738 1385 883 1445 flammam
898 1384 1028 1465 quaffatae
1041 1390 1099 1450 rei·

52 1475 105 1519 arri.
163 1500 164 1505 η
212 1460 330 1535 publicae
350 1463 656 1540 rpertnrbatorumque
675 1474 864 1548 temporum,
892 1464 957 1550 jure
971 1464 1100 1539 Judiciis-

52 1537 185 1661 urm}
212 1539 394 1613 quesublatis:
416 1543 655 1617 ⁶¹magnarerum
670 1537 1101 1619 ²perturbatronermpendente.

52 1663 203 1713 tioneGrua.
1012 1617 1100 1680 (iedl-

208 1757 279 1815 graui
290 1758 359 1806 lurlur
368 1775 394 1805 sa
403 1760 482 1807 eslans
489 1759 567 1821 gualis
579 1762 603 1806 ir
613 1759 659 1812 &u
672 1754 801 1808 Gembtac.
814 1758 935 1821 guvilolrli
943 1772 994 1805 sm
1001 1761 1099 1807 rululhr's

208 1824 301 1882 granis,
318 1825 342 1869 s'r
355 1825 464 1871 Calatinos
474 1835 497 1868 ss
508 1824 557 1868 illos
567 1824 612 1873 &a
625 1819 774 1870 consulatur
785 1818 853 1885 snper
864 1819 935 1879 hujus
946 1821 997 1869 loci
1009 1836 1098 1871 emen·

213 1881 315 1933 datione
325 1885 451 1935 Turnebus
460 1884 525 1934 libro
536 1890 586 1934 XX.
600 1899 652 1950 cap.
662 1902 683 1942 3·
702 1899 733 1934 an
744 1882 791 1933 fuit
803 1886 919 1934 derlandi
932 1888 1011 1940 ofellis‘
1020 1890 1097 1936 horres

214 1950 294 1995 sulsrs's
299 1953 390 2010 granis,
409 1954 432 1998 s'n
444 1953 552 1998 Calatinos
564 1951 662 1999 Asilius.
691 1961 718 1997 ut
729 1947 803 1997 fuerit
814 1947 879 1998 inter
890 1947 1026 1997 familiares
1038 1951 1096 2025 qui·

214 2015 259 2062 bus
275 2009 374 2062 cefferat
392 2012 472 2062 Ofelli
489 2013 588 2063 calavii
604 2012 728 2079 Campani
745 2011 882 2069 horreum,
899 2013 966 2072 cujus
985 2012 1099 2064 hominis

213 2077 330 2126 meminit
341 2077 425 2125 Livius
434 2076 500 2126 libro
511 2081 565 2125 ΗΧ.
596 2083 629 2126 At
640 2081 729 2126 Gauius
740 2089 826 2125 tamen
836 2075 871 2125 est
883 2075 986 2140 qnidam
1000 2082 1025 2126 Ρ.
1034 2079 1100 2126 clo·

212 2140 250 2189 dii
262 2141 342 2197 canis,
360 2140 390 2188 ad
404 2142 514 2188 Atticum
524 2140 588 2189 libro
599 2146 640 2190 VI.
655 2142 728 2206 Epist.
737 2157 759 2196 3.
777 2145 867 2188 Gruter.
901 2144 921 2188 E
942 2140 1007 2204 regii
1021 2141 1052 2190 ad
1064 2142 1099 2190 il·

212 2204 383 2254 lustrationem
391 2202 552 2253 obseuriliimi
562 2204 632 2263 huius
644 2204 695 2254 loci
706 2205 814 2261 iaciunt,
827 2217 881 2268 quae
892 2155 967 2253 huffen
980 2206 1096 2258 Perizon.

213 2265 383 2317 Animadlers.
397 2265 458 2316 uin.
472 2282 495 2331 p.
506 2283 543 2322 ³0·
558 2269 583 2317 dt
595 2267 662 2331 seqq.

218 2384 219 2391 χ
234 2341 284 2387 -ςε,
302 2333 429 2378 Nominibus
440 2337 462 2378 s'n
472 2333 578 2391 ululas]
600 2329 665 2379 Mihi
675 2329 725 2378 linc
736 2328 832 2378 videtur
843 2325 890 2378 effe
902 2328 991 2380 horum
1002 2331 1094 2382 verbo·

213 2409 267 2446 rum
279 2393 412 2453 sententia,
429 2409 486 2443 eum
497 2393 576 2444 subito
588 2395 613 2444 δι
625 2407 710 2458 prater
720 2395 833 2442 omnium
845 2394 991 2456 opinionem
1002 2396 1096 2445 tabulis

213 2456 350 2508 censorum
361 2457 401 2506 sua
417 2459 522 2506 nomina
539 2461 697 2508 SexaAsilius
712 2459 818 2506 Serranus
833 2455 982 2514 inseruisset,
999 2474 1096 2510 nomen

211 2522 281 2571 suum
291 2536 322 2570 ex
334 2521 418 2570 tabula
428 2523 635 2588 promulgationis
646 2518 750 2576 sustulit,
758 2535 802 2569 nec
813 2519 878 2570 inter
889 2533 1027 2572 ceterorum
1036 2525 1093 2573 Tri·
1111 2528 1115 2538 ’

209 2585 333 2636 banorum
348 2586 562 2652 promulgandum
575 2586 659 2651 legem
675 2583 707 2633 de
722 2583 850 2634 Ciceronis
872 2584 952 2634 reditu
969 2585 994 2634 id
1012 2587 1117 2663 voluit⁵

209 2652 235 2700 le
254 2649 271 2701 i.
289 2654 363 2699 Grsv.
420 2688 422 2693 a

236 2665 284 2771 g59.
303 2719 333 2762 Es
342 2717 470 2778 temporibus
482 2715 508 2765 dr
519 2717 596 2781 incip]
611 2717 642 2760 Es
650 2713 779 2771 rrmpsrr'lus
790 2713 855 2774 tleip.
872 2711 924 2760 fine
934 2711 1033 2776 copula,
1040 2725 1096 2778 qut

211 2775 319 2828 secundo
329 2780 387 2826 loco
398 2775 478 2842 pofita
487 2776 535 2834 est,
552 2777 633 2824 multo
646 2775 736 2822 melior
746 2773 830 2822 lenio.
847 2779 921 2836 vrfin.

245 2851 284 2890 60.
303 2847 436 2905 princepul
455 2846 530 2898 Non,
546 2839 613 2906 quod
626 2838 683 2887 esset
696 2838 710 2887 d
722 2836 888 2886 conlulatibus
898 2836 1096 2902 antiquissimos:

214 2919 275 2954 nom
285 2905 395 2952 triennio
407 2918 465 2952 ante
476 2905 548 2953 iilum
561 2909 585 2952 Ρ.
595 2903 707 2952 servilius
719 2900 834 2950 Isauricus
846 2901 928 2949 conlnl
941 2901 1034 2950 iuerat:
1052 2903 1110 2954 sed-

214 2967 393 3033 antiqtriffimus
404 2983 489 3016 eornm
501 2968 678 3022 sommarium,
695 2966 738 3030 qui
748 2978 802 3014 tum
813 2976 882 3013 eram
893 2965 920 3012 in
930 2965 1021 3014 senatu.
1035 2969 1096 3031 opi-

177 3068 180 3075 ,
214 3048 262 3082 nor
270 3033 352 3089 enim,
360 3048 390 3082 eo
401 3030 441 3080 die
451 3032 580 3080 Isauricum
592 3045 645 3078 non
656 3027 754 3078 affitiise.
766 3027 879 3077 noudum
889 3040 970 3076 nutem
981 3026 1097 3096 defigna·

210 3110 253 3146 tos
265 3097 375 3146 consules
385 3093 467 3150 soille,
502 3095 526 3142 ui
536 3096 667 3143 tententias
679 3094 752 3159 primi
762 3090 912 3157 rogabantur
917 3090 987 3150 ,satis
999 3095 1095 3161 liquet,

211 3175 270 3210 eom
281 3160 357 3208 eil'ent
369 3109 614 3224 Kaiendaeannnarii.
633 3165 658 3207 Ρ.
666 3162 754 3205 Manus.

244 3232 282 3271 σι.
300 3229 383 3286 Magna
393 3240 466 3273 rerur»
474 3225 632 3283 perturbatione
643 3223 792 3284 impuderata]
807 3220 885 3284 Atqui
892 3220 1027 3282 persurluts
1038 3235 1095 3272 non

209 3285 384 3350 impendebat,
401 3284 441 3336 sed
453 3289 503 3343 iam
512 3285 652 3352 perturbata
662 3294 731 3333 erant
741 3282 815 3346 Reip.
827 3293 955 3346 tempora,
966 3295 993 3331 ut
998 3299 1029 3332 ex
1036 3299 1095 3333 rer·

209 3346 237 3397 su
246 3350 398 3412 precedente
408 3349 511 3399 constat.
529 3349 596 3400 Editi
607 3360 664 3398 ante
671 3347 848 3405 Vistorianam,
854 3358 881 3395 ut
893 3349 919 3397 dt
926 3351 993 3396 MSS.
1001 3346 1090 3400 Dresd

199 3410 237 3463 ’δι
247 3416 332 3463 Prono
344 3428 451 3464 necnon
464 3413 607 3466 Mdanutii
624 3415 651 3463 de
668 3411 756 3460 Caroli
770 3409 886 3475 stephani
902 3409 993 3458 editio:
1010 3427 1093 3473 mugnu

207 3493 281 3530 rsrusu
291 3481 451 3545 prmusulm
464 3480 602 3543 imulare.
634 3475 705 3544 quod
715 3474 822 3529 enatos
832 3473 996 3528 inmundum.
1030 3479 1093 3549 Hae
