2318 3914
267 176 733 247 ΡιοΗικτιο.
871 193 955 263 2439

91 282 343 357 vfferrilacerbius
356 280 452 341 nsocir
466 279 561 341 Latini
567 281 640 339 serre
651 278 725 339 soliti
736 277 815 346 sunt,
833 274 922 355 quim
931 291 986 353 ,30

59 356 331 439 vidquodperrarb
344 358 462 427 accidit,
482 372 518 417 ex
530 357 598 417 urbe
611 356 688 417 exire
700 352 717 415 d
731 352 885 415 consulibus
894 353 976 431 jufn
986 347 1099 405 sociant

58 435 122 496 beri.
139 436 365 523 Anqueillistum
372 447 432 522 erat
443 432 546 493 reditus
558 435 587 493 iu
598 432 811 521 suatcivitates,
829 430 865 491 ad
877 412 1099 530 suosffiffig&

55 512 121 573 lares
127 515 295 575 familiares:
316 514 384 572 &m
395 511 444 571 illo
457 527 607 571 communi
620 508 810 570 incommodo
823 507 897 567 nulla
910 524 940 567 ur
949 545 997 593 tini
1006 547 1067 594 ains

16 632 19 671 :
56 608 232 668 quemquam
244 591 355 667 propria
368 589 525 664 ignominia
538 587 709 647 nominatim
723 584 847 645 cadebat.
871 588 941 645 Hoc
948 614 1005 660 MS·

55 668 122 726 uerb
130 668 204 745 quid
210 666 269 726 est?
289 665 485 726 exterminabit
498 665 573 723 cives
581 665 729 723 Romanos
740 661 833 723 edido
845 661 942 721 consul

16 778 18 805 r
56 740 139 803 isuis
150 744 206 803 diis
218 743 364 819 penatibus
378 740 390 799 ἓ
410 738 556 816 expelleta
569 742 656 816 patria
667 739 679 798 ἓ
701 752 730 791 ⁷²
739 739 840 817 deliget
853 756 940 816 quem

54 818 151 879 volet?
172 820 318 880 damnabit
335 830 420 895 atque
434 818 526 893 ejiciet
549 813 741 877 nominatim?
759 816 822 886 hic,
843 813 943 875 fium-

16 898 18 941 ἓ
54 913 277 973 quamvoseos,
296 897 427 973 quinunc
439 892 500 955 estis
512 896 542 953 in
557 895 714 969 republica,
731 894 793 955 fore
806 890 942 968 putasset,

54 970 566 1052 fideniqueimaginemjudiciorum‚
585 984 634 1031 aut
645 970 821 1031 fimulacrum
829 970 944 1048 aliquod
991 974 1051 1021 M·
1102 992 1105 999 ·

55 1052 182 1110 brunum
198 1053 228 1109 in
241 1052 353 1109 civitate
366 1049 505 1126 reliquum
519 1046 694 1118 credidiffer,
714 1064 851 1126 umquam
864 1046 945 1107 ausus

56 1124 257 1188 essetsenatum
269 1125 305 1185 de
312 1125 450 1200 republica
462 1122 582 1184 tollere?
601 1127 728 1203 equiturn
744 1127 943 1185 Rornanorum

59 1204 315 1341 latrabili
328 1200 896 1355 lullbldssllblldllo²¹⁰l⁸
913 1203 945 1263 ὃ(

96 1359 153 1419 Em
175 1375 225 1415 me
236 1319 418 1415 atten’tiffirnis
430 1356 544 1425 animis,
562 1355 671 1416 summa
691 1372 758 1415 cum
772 1355 984 1435 benignitate3t

58 1436 171 1504 auditis,
188 1433 312 1511 judicet:
331 1445 550 1503 tamenuereor‚
570 1431 881 1509 neqursfortevestrum
889 1434 944 1494 mi-

59 1526 148 1583 retur,
169 1509 344 1588 nqurdbaec
358 1528 422 1569 meu
430 1510 520 1569 oratio
536 1523 595 1567 tam
608 1510 692 1585 longa
710 1527 744 1569 ac
759 1522 818 1569 tam
831 1511 886 1571 alte
901 1528 947 1571 ro·

59 1593 145 1666 petita
154 1587 241 1657 velit,
261 1599 309 1647 aut
330 1586 398 1664 quid
411 1586 446 1645 ad
468 1586 498 1644 P.
513 1585 599 1645 Sextii
618 1587 727 1647 causam
747 1604 871 1659 eorum,
897 1589 948 1666 qui

61 1663 756 1742 entebujustribuoatumrempublicamvexarunt,
776 1664 945 1742 deletaper·

60 1745 175 1803 tineaut.
194 1741 265 1799 inibi
272 1752 367 1799 autem
381 1738 662 1815 bocpropofitumeli
670 1739 830 1810 ostendere,
846 1744 945 1801 omnia
963 1790 966 1799 .

62 1820 174 1901 consilia
188 1820 217 1878 P.
227 1817 329 1886 Sextii,
349 1829 533 1893 mentemque
540 1819 623 1874 totius
629 1817 783 1875 tribunatius
796 1817 868 1877 banc
881 1818 947 1878 suis·

62 1897 113 1967 se,
131 1910 164 1956 ut
184 1893 296 1957 affiiuae
315 1897 345 1952 &
359 1893 474 1970 perditae
487 1894 645 1967 reipublicae
660 1934 669 1961 ‚
689 1907 825 1970 quantum
839 1892 947 1970 posset,

63 1974 229 2034 mederetur.
265 1972 329 2040 Ac,
349 1971 412 2029 siin
427 1969 599 2044 exponendis
611 1969 767 2029 vulneribus
781 1970 832 2029 illis
850 1970 886 2032 de
898 1988 946 2031 me

17 2078 20 2083 ·
65 2051 121 2128 ipso
127 2051 204 2127 plura
212 2049 305 2109 dicere
314 2047 446 2116 videbor,
466 2045 631 2121 uignoscite.
649 2046 753 2108 narn&
767 2046 842 2106 illam
852 2058 1090 2123 meamnignosci-

838 2124 949 2185 cladem
958 2128 1012 2173 tote
1025 2127 1080 2174 Via.

68 2269 286 2331 materiamina.
313 2282 339 2331 bc
352 2278 411 2327 alibi
421 2276 516 2343 passim,
539 2279 639 2327 «liram.
672 2283 701 2327 ln
712 2276 795 2343 priscis
805 2276 874 2327 libri·
885 2279 949 2329 meio

67 2344 209 2394 &editione
221 2346 301 2408 prima
313 2347 363 2392 naec
390 2358 429 2391 urs
441 2343 562 2395 orationis
574 2342 727 2391 desideratur.
752 2340 948 2393 Mediolaueufie

66 2410 90 2459 bt
101 2424 187 2458 omnes
198 2408 340 2456 vetustiores
351 2422 370 2455 e
383 2407 472 2454 itiones
485 2419 542 2454 ante
556 2406 723 2455 vistorianam
736 2421 741 2451 :
756 2409 800 2463 fine
811 2411 855 2454 ullo
866 2411 948 2461 iudicio

65 2487 127 2536 arque
135 2476 209 2520 edicio.
245 2477 268 2518 Ρ.
283 2471 409 2518 Manutius
426 2468 541 2519 Lambini
560 2470 732 2518 auctoritatem
749 2469 841 2518 secutus
857 2470 949 2519 delevit
1021 2472 1026 2489 ¹

65 2539 187 2647 madido.
205 2531 317 2598 Quorum
328 2532 451 2582 sententiae
463 2535 488 2583 bt
501 2533 551 2600 ipse
562 2533 697 2589 subscribo,
713 2532 753 2581 led
764 2530 815 2581 fine
828 2534 897 2583 libris
909 2534 950 2583 ui·

84 2599 92 2646 i
114 2612 193 2648 muto.
212 2606 286 2646 Grau.

97 2678 135 2717 70.
154 2666 218 2711 Nihil
227 2664 321 2709 acerbius
327 2662 381 2720 sotii
391 2664 481 2726 Reatini
488 2662 549 2721 ferre
556 2661 618 2722 soliis
628 2661 702 2722 stem]
733 2665 793 2710 Ven.
806 2662 909 2720 {efflue}
925 2674 952 2711 ut

67 2739 141 2791 puto,
153 2729 210 2788 ficii
220 2729 304 2774 Latini.
322 2728 421 2773 Camet.

96 2806 134 2847 71.
153 2793 180 2838 Id
190 2792 246 2853 quod
254 2803 340 2851 perraro
352 2791 450 2843 accidie]
467 2788 506 2835 llis
519 2789 639 2836 omnino:
658 2787 725 2850 quod
737 2785 838 2852 quidem
850 2802 898 2854 ego
913 2788 952 2836 le-

69 2853 149 2919 gendo
160 2852 337 2902 observaverim
345 2869 353 2908 3
370 2853 490 2914 primum,
507 2850 589 2899 curuo
602 2852 696 2899 Proculi
707 2853 813 2918 virginii
829 2852 950 2909 consulis,

69 2932 122 2966 cum
132 2922 172 2983 Sp.
185 2915 293 2966 Caffium
310 2917 468 2964 Vil'cellinum
483 2916 607 2980 collegam
625 2915 743 2973 liaberet,
765 2931 831 2964 anno
847 2917 877 2965 ab
893 2915 953 2965 urbe

70 2980 168 3029 condita
179 2995 295 3029 ccrxvu.
308 2993 356 3044 qua
367 2978 398 3027 de
409 2994 434 3028 re
450 2976 566 3042 scripturn
583 2977 616 3028 cst
633 2979 698 3045 apud
714 2979 862 3045 Dionysium
880 2981 952 3029 Hali·

68 3043 216 3093 carnasseum
227 3042 270 3091 lib.
279 3047 333 3092 llx.
350 3043 447 3091 Deinde
458 3058 525 3091 anuo
536 3043 589 3108 post
597 3048 625 3092 V.
635 3048 664 3092 C.
673 3061 765 3094 oxxxr.
779 3058 841 3093 curn.
850 3047 953 3092 C.Fan-

69 3110 120 3157 uiua
132 3106 191 3157 Cos.
204 3119 307 3155 vocatos
319 3107 332 3154 *a
345 3112 375 3156 c.
384 3105 500 3155 Graccho·
508 3106 539 3155 ad
550 3106 691 3175 suffragium
707 3106 835 3157 ferendum
847 3108 953 3157 Larino·

67 3172 155 3220 eodem
167 3171 208 3221 die
219 3171 285 3218 exire
296 3170 353 3218 urbe
365 3170 435 3230 judit.
455 3185 503 3236 qua
514 3171 544 3218 de
556 3186 581 3220 re
593 3172 718 3237 Appiauus
731 3185 829 3237 aperte,
846 3186 891 3220 nec
908 3170 954 3235 ob·

68 3234 129 3286 scrire
140 3233 277 3284 admodum
292 3236 380 3283 Cicero
391 3236 417 3281 in
430 3239 512 3283 Bruto.
531 3241 556 3284 P.
565 3240 657 3285 Manus.

98 3316 136 3357 72.
156 3303 242 3361 Delr'get
253 3315 315 3363 quem
325 3302 405 3355 valen]
420 3297 553 3355 Videlicet,
570 3315 634 3362 quem
645 3301 703 3347 uolet
713 3301 840 3358 damnabit,
857 3299 956 3351 itascti·

69 3376 136 3428 ptum
148 3360 313 3425 animadverti
325 3360 355 3409 ad
373 3376 442 3409 oram
454 3360 510 3409 libri
521 3361 654 3411 dobbiffimi
665 3362 718 3413 viri.
736 3366 811 3424 vrfin.

16 3462 18 3471 .
99 3444 135 3487 73.
153 3431 220 3487 Qsd
229 3429 271 3473 hec
281 3443 328 3471 mea
340 3427 410 3472 oratio
423 3440 469 3471 tam
480 3427 541 3489 longa
553 3444 578 3473 ac
588 3442 634 3474 ram
646 3429 689 3474 alte
701 3432 810 3491 repented
837 3433 892 3478 Tam
910 3429 958 3475 lon·

64 3488 104 3556 gl,
119 3492 224 3552 melius,
242 3501 268 3541 ut
280 3488 383 3557 opinor,
401 3486 435 3536 est
445 3488 472 3535 in
484 3488 596 3552 quodam
606 3488 681 3543 libro.
698 3486 766 3548 ulem.

409 3579 485 3643 (λιι
501 3590 569 3645 qqq
586 3591 636 3645 (ιι
842 3590 885 3638 tu
904 3576 967 3639 Qu
