2318 3914
143 115 315 204 =·ssn
547 116 794 189 ornato
1144 52 1153 261 ἲ

169 228 172 235 “
224 236 402 297 eomes‚nec
414 223 556 297 familiaris
569 227 682 288 Gabinii
696 229 764 300 suit,
783 241 912 306 quonam
924 225 952 287 se
965 225 1056 288 modo
1070 221 1117 287 dea

224 302 343 363 sendent
354 304 484 381 posthac,-
499 307 548 382 qui
561 305 642 366 vestri
655 305 759 366 ordinis
770 323 835 366 cum
851 306 1052 382 magistratibus
1063 323 1116 363 no·

225 376 283 439 stris
296 383 400 441 suerint
411 383 454 441 liis
466 381 553 441 causa
565 382 720 460 implicati?
739 382 805 453 Tu,
816 385 930 460 inquit,
952 383 1114 451 Gabinium,

126 524 134 538 ,
226 465 260 514 ut
271 475 367 534 regent
381 458 542 528 reduceret,
562 460 702 535 impulisti.
957 505 960 509 .
1042 500 1045 505 -

66 526 178 579 deum
267 535 349 594 Vlll.
368 537 452 596 Nou
471 554 646 595 osrrrort
666 538 759 596 dmea
778 550 828 596 me
843 536 904 613 lam
924 534 995 593 fides
1010 534 1048 593 de
1062 535 1114 593 Ga·

66 589 197 704 mgafides
228 607 306 670 binio
318 612 428 688 gravius
438 630 529 688 agere.
540 628 635 690 quem
649 615 725 672 enim
748 632 783 673 ex
805 615 887 672 tantis
906 612 1114 670 inimicitiisre-

65 661 99 708 M
114 688 122 703 ’
230 701 344 772 ceptum
359 691 516 765 ingratiam
529 689 642 749 summo
661 691 750 750 studio
771 689 963 758 defenderim,
982 688 1062 746 hunc
1075 689 1114 746 as·

65 781 82 818 e
97 765 115 817 st
128 770 177 818 cn.
198 833 213 843 ..
228 762 454 825 firtlumviolare
468 783 529 826 nors
548 764 649 826 debeo.
667 784 793 844 quocum
813 767 914 833 stante,
938 763 1051 832 elime
1064 765 1112 845 Gn.

65 835 154 899 ΜΡ·
167 837 358 918 ⁴¹¹¹·l'ompeji
370 843 559 902 austoritasin
572 845 688 918 gratiam
703 861 760 903 non
772 840 936 911 reduxisset,
958 858 1039 899 nunc
1058 841 1112 916 jam

130 927 151 952 ·'
180 917 308 992 ²0ipsrus
319 921 434 978 fortuna
448 918 603 978 reduceret.
623 919 676 979 Sed
690 934 804 989 tamen,
825 917 890 977 cum
904 918 944 976 ita
955 917 1043 986 dicis,
1061 919 1112 976 Po·

223 994 307 1053 stumi
320 995 438 1071 impulsu
450 996 602 1054 Gabinium
614 997 773 1072 profestum
793 995 1014 1054 Alexandriam:
1034 993 1055 1050 sr
1068 993 1113 1052 de·

224 1071 344 1130 fentioni
365 1072 477 1130 Gabinii
496 1071 582 1130 fidem
603 1090 663 1132 non
683 1073 783 1141 habes,
802 1070 1009 1130 obliviscerisne
1029 1071 1111 1129 etiam

224 1150 406 1208 accusationis
417 1148 495 1206 tuae?
516 1149 650 1207 Gabinius
663 1148 689 1206 se
705 1153 733 1207 id
747 1146 839 1207 recisse
853 1148 963 1207 dicebat
985 1146 1111 1223 reipubli-

224 1241 269 1282 cae
283 1225 461 1301 cauli,quod
475 1223 584 1284 classem
599 1226 731 1284 Archelai
743 1236 873 1295 timeret,
886 1224 965 1300 quod
981 1241 1061 1282 mate
1073 1240 1111 1281 re·

222 1301 328 1360 sertum
350 1305 412 1362 sore
433 1303 600 1378 praedonum
620 1315 737 1379 putaret.
758 1313 785 1353 ³⁹
800 1303 862 1378 lege
875 1302 962 1358 etiam
976 1301 1009 1359 id
1022 1300 1072 1358 irbi
1083 1300 1112 1358 li·

224 1375 309 1436 tuisse
321 1380 438 1438 dicebat.
456 1391 487 1435 tu
499 1380 628 1436 inimicus
640 1395 733 1452 negas.
752 1381 886 1453 ignosco:
906 1377 938 1434 δι
958 1394 998 1435 eo
1013 1377 1112 1452 magis,

224 1455 304 1529 quod
318 1456 355 1513 est
368 1467 467 1512 contra
478 1452 544 1512 illud
553 1453 727 1528 judicatum..
740 1455 840 1514 Redeo
853 1455 939 1531 igitur
952 1454 990 1514 ad
1011 1454 1115 1514 crimen

226 1530 470 1589 &accusationem
483 1535 571 1588 tuam.
1044 1558 1047 1564 ·

180 1613 216 1655 21
266 1608 345 1680 Quid
365 1607 579 1675 vociferabam„
605 1606 705 1666 decem
726 1607 811 1667 millia
829 1605 968 1673 taleutllm
991 1604 1109 1665 Gabinio

64 1675 94 1726 ἲ·
109 1677 217 1725 ΟΧῙἯ·
227 1677 281 1742 else
293 1681 444 1760 promissa?
465 1683 580 1742 ⁴⁰Huic
593 1683 723 1744 videlicet
735 1687 747 1731 f
759 1683 923 1760 perblandus
934 1683 1110 1758 reperiendus

67 1735 295 1851 {lgflffufflfuim
314 1762 363 1838 qui
381 1760 547 1830 hominem,
568 1772 598 1818 ut
618 1775 650 1821 tu
667 1763 733 1829 vis,
759 1760 947 1820 avaritiimum
967 1764 1109 1829 exoraret,

67 1863 206 1979 aqum*
225 1850 254 1891 1¹
270 1837 421 1900 sestertium
441 1837 481 1896 bis
492 1837 601 1897 millies
618 1840 648 1897 ὃ(
663 1854 677 1899 s
690 1837 915 1916 quadringenties
935 1853 974 1895 ne
997 1854 1110 1989 magptng

66 1940 121 2003 ΒΨ.
179 1962 186 1978 ·
237 1948 240 1952 ’

236 2086 241 2098 ·
260 2088 297 2134 39.
317 2077 370 2134 Lege
385 2075 453 2119 etiam
469 2073 493 2118 id
503 2069 550 2128 fili
562 2071 645 2132 licarffe
655 2071 757 2130 diceban]
775 2076 882 2137 Apparet
894 2068 983 2118 multis
994 2069 1071 2128 locis,
1085 2082 1107 2117 a·

227 2134 321 2184 micum
337 2134 464 2182 Ptolemaei
480 2133 544 2196 regis
564 2137 707 2197 Pompeium
725 2133 813 2190 fuisse,
831 2145 886 2181 orta
902 2134 969 2180 inter
987 2147 1052 2190 eos,
1072 2144 1106 2182 aut

226 2192 294 2246 c'erte
305 2194 453 2245 confirmata
470 2198 629 2246 vehementer
646 2198 756 2247 amicitia
772 2195 946 2246 Mithridatico
963 2195 1050 2254 bello,
1066 2211 1107 2262 quo

227 2261 271 2309 fert
282 2276 339 2309 eum
350 2260 396 2308 suis
407 2258 485 2322 copiis
499 2259 635 2324 opibusque
646 2262 755 2310 maxime
771 2262 840 2321 juvit.
859 2258 1027 2308 dubitandum
1043 2263 1107 2326 igitur

227 2334 281 2372 oon
293 2323 340 2380 est,
357 2324 418 2388 quin
429 2322 527 2371 auclore
544 2326 662 2388 Pompeio
679 2325 798 2373 Gabinius
814 2337 897 2389 regem
914 2323 1056 2373 reduxerit:
1071 2339 1104 2372 cu·

228 2387 266 2449 jus
284 2391 362 2436 etiam
377 2388 403 2434 in
422 2384 521 2450 Albano
539 2386 617 2436 saclas
635 2387 681 2436 ess'e
698 2387 845 2453 syngraphas
856 2386 887 2435 de
898 2388 1021 2450 pecunia,
1038 2401 1103 2454 quam

228 2449 375 2505 Postumus,
398 2449 536 2498 discedente
553 2449 583 2499 ab
599 2451 658 2500 urbe
674 2464 751 2526 rege,
772 2449 939 2514 adsumptum
951 2451 1063 2509 itineris,
1078 2449 1103 2499 ad

227 2514 440 2578 magnificentiam
452 2527 593 2578 apparatus,
601 2513 789 2563 adcomrtatum
801 2512 979 2580 suppeditavit,
988 2512 1059 2581 supra
1068 2512 1106 2562 ci·

228 2592 286 2626 cero
300 2579 371 2626 dixit.
388 2577 475 2643 .Jatn,
493 2577 523 2626 de
534 2578 681 2630 restituendo
693 2595 748 2646 rege
759 2576 900 2640 consensisse
915 2592 978 2643 cunt*
994 2579 1106 2644 Pompeio

227 2639 361 2698 Caesarem,
378 2656 545 2706 magnamque
555 2645 661 2708 pecuniae
672 2646 723 2690 vim
734 2644 830 2715 utrique
842 2657 856 2689 a
868 2655 925 2707 rege
937 2640 1040 2702 datam,
1050 2647 1106 2692 'Sue-

228 2702 302 2754 t'ooio
312 2705 372 2754 teste
383 2707 555 2771 cognovimus.
588 2711 675 2770 ltaque
690 2705 801 2770 suspicari
818 2706 890 2766 licet,
908 2705 1045 2754 adduslum
1058 2713 1105 2756 ce·

228 2764 287 2818 l'aris
304 2772 328 2818 ὃ(
347 2771 457 2834 Pompeii
475 2769 620 2818 auctoritate
642 2768 734 2818 summa
751 2769 876 2818 ttibunum
890 2769 925 2833 pl.
945 2768 1058 2834 aliquem
1074 2771 1107 2818 le·

246 2847 289 2892 em
303 2829 383 2880 tulisse
395 2866 402 2890 ,
424 2848 477 2881 non
493 2848 542 2904 qua
553 2831 663 2881 tedustio
678 2835 742 2898 regis
753 2835 904 2894 nominatim
916 2831 1030 2898 Gabinio
1041 2847 1108 2882 man·

228 2846 327 2944 {aretur
343 2894 458 2957 (dixisset
474 2898 541 2945 enim
558 2895 690 2953 Gabinius,
706 2896 733 2946 id
751 2895 795 2962 fibi
810 2898 866 2962 lege
882 2895 983 2952 datum,
1001 2913 1069 2954 non,
1083 2895 1107 2945 id

226 2957 272 3008 sibi
282 2959 338 3024 lege
350 2959 458 3022 licuisse)
475 2958 529 3015 sed,
547 2973 595 3024 qua
606 2974 647 3008 rex
659 2961 818 3009 reduceretur.
851 2960 931 3017 Huius
942 2961 1024 3026 legis,
1041 2959 1105 3028 quod

225 3021 328 3095 quidem
338 3037 386 3088 ego
396 3023 566 3080 meminerim,
583 3027 678 3072 mentio
690 3027 811 3089 nusquam
822 3024 907 3072 exstat.
943 3029 969 3072 Ρ.
984 3021 1077 3076 Manus.

259 3102 299 3146 40.
318 3092 377 3136 Huic
386 3090 488 3135 videlieet
494 3088 621 3151 perblandus
632 3089 692 3146 ω]
707 3091 817 3151 Muretus
829 3087 931 3151 corrigit
943 3100 974 3135 ex
986 3092 1034 3152 ms.
1048 3090 1107 3150 Huil

226 3153 329 3198 videlicet
341 3164 395 3214 puer
404 3153 493 3199 blandus
503 3152 548 3207 (γε.
567 3153 638 3200 Grut.
663 3150 691 3200 ld
702 3165 760 3207 vero
773 3155 896 3200 comicum
907 3153 1056 3215 pronuntiat
1067 3157 1108 3200 Be·

224 3211 323 3272 hotius,
339 3218 389 3264 bute
399 3214 563 3278 interpretans
574 3215 600 3262 in
612 3214 682 3276 hujus
695 3214 794 3263 Gabinii
806 3215 926 3281 gratiam,
945 3217 988 3283 qui
1005 3216 1033 3281 βε
1050 3227 1107 3265 mox

224 3276 400 3341 apomeli-obtenti.
436 3282 515 3331 Gron.
761 3283 763 3288 '
1051 3290 1055 3300 ¹

230 3342 234 3348 '
254 3355 294 3400 41.
312 3340 438 3398 b‘oxlerritlm
449 3342 480 3390 lis
492 3345 595 3401 millite]
611 3341 736 3401 Quoniam
748 3341 815 3390 hunc'
825 3343 911 3391 locum
923 3340 1058 3408 diligenter
1068 3355 1108 3390 ez·

221 3403 307 3470 planat
323 3402 422 3451 Budaeus
440 3404 468 3452 in
482 3405 547 3454 libro
567 3405 684 3472 quise,
700 3403 787 3454 censeo
799 3405 856 3454 inde
868 3405 1002 3471 petendam
1014 3405 1062 3456 effe
1071 3407 1107 3455 in·

219 3467 439 3537 temtetatioaeot,
455 3482 488 3520 tte
498 3469 668 3543 maximos&
687 3467 844 3538 gratissimos
858 3469 972 3530 laborm,
988 3469 1108 3540 questro·

314 3541 317 3546 .
454 3546 456 3550 ,
516 3539 520 3559 .,
570 3550 575 3566 2
602 3557 605 3568 Ι
641 3546 647 3563 ,,
674 3553 701 3570 ,Ι
1066 3545 1108 3587 ω.
