2318 3914
209 123 293 207 2488
378 126 382 135 ’
527 133 797 201 Οιιιιτιοι

52 253 186 314 pattino-
213 226 412 310 0Piimatium,
429 232 536 312 ipiique
555 235 705 313 optimates
728 233 936 311 grandiori&
954 233 1103 295 clariffimi·

52 315 186 367 minantur.
212 312 818 389 ciuesinumerantu&principescivitaris.
882 368 885 373 ,
1016 372 1019 377 ,

164 380 203 457 98
218 432 231 441 .
252 381 330 455 Quid
344 386 381 445 est
392 388 475 463 igitur
486 388 660 465 propositum
672 388 715 475 hit
726 388 885 463 reipublicae
901 387 1094 463 gubernatori·

211 452 278 539 bus,
297 463 493 535 quodintueri,
513 467 544 525 dc
570 466 610 525 ιιὸ
617 464 725 523 cursum
739 465 818 524 suum
826 465 943 539 dirigere
950 462 1093 525 debeant?

211 528 242 588 ld
262 536 341 612 quod
355 540 392 599 est
406 541 540 615 praestanti
573 560 653 601 mum
672 542 852 617 maximeque
864 541 985 616 optabile
997 540 1095 600 omui·

211 608 351 686 bussanis,
370 618 661 688 &bonis„&beatis‚
681 636 748 678 cum
755 617 889 692 dignitate
903 614 1004 677 otium.
1022 618 1094 677 Hoc

212 688 263 763 qui
270 691 385 763 uolunt,
405 712 507 755 omnes
521 694 687 772 optimates:
707 696 756 772 qui
767 694 907 763 efficiunt,
926 693 1029 755 sumini
1041 693 1104 753 viti·

213 766 456 831 &conservatores
466 773 727 847 civitatisputantur.
744 772 922 847 nequeenim
936 787 1029 829 rerum
1042 787 1093 846 ge-

210 843 359 903 rendarum
366 847 499 923 dignitate
512 849 643 909 homines
656 847 748 907 efferri
760 849 799 906 ita
813 847 962 918 convenit,
981 860 1012 906 ut
1026 849 1090 907 otio

210 923 456 998 nonprospiciant:
476 924 662 1003 nequeuilum
669 923 820 1000 amplexari
830 925 942 992 otium,
960 924 1104 1001 quodab··

208 996 505 1075 horreataidignitate.
568 1030 571 1035 ·
1098 1028 1103 1035 ·

249 1074 356 1133 XLVI.
375 1077 502 1145 Hujus
522 1088 618 1137 autem
632 1074 729 1137 otiosae
749 1075 888 1153 dignitatis
908 1076 971 1135 haec
991 1078 1094 1141 funda·

209 1162 306 1209 menta
319 1151 396 1223 suut,
415 1154 479 1213 haec
493 1155 643 1222 membra,
661 1154 845 1230 quaemcuda
857 1152 1039 1229 principibus,
1060 1158 1093 1216 δι

176 1276 180 1283 .
208 1227 357 1303 uelcapitis
369 1228 756 1305 periculodefendendaiuat:
777 1228 938 1304 religiones,
958 1233 1090 1309 auspicia,

209 1302 357 1379 potestates
368 1307 592 1383 magistratuum,
608 1307 716 1366 senatus
730 1306 898 1375 austoritas,
914 1307 1005 1383 reges,
1026 1328 1092 1371 mos

211 1382 367 1457 majorum,
381 1384 503 1459 judicia,
517 1381 798 1460 jurisdiffio‚.iides,
817 1385 986 1459 provinciae,
1005 1386 1091 1458 socii,

162 1479 201 1538 99
213 1458 406 1533 imperinm„
423 1461 637 1529 *resmilitarim
656 1461 795 1519 aerarium.
812 1460 923 1519 Harum
938 1478 1032 1527 rerum
1046 1476 1100 1525 tot·

211 1547 295 1612 atque
303 1535 499 1597 tantarumeffe
506 1536 681 1601 defensorem
701 1537 731 1595 &
743 1549 911 1612 patronum,
925 1540 1021 1614 magni
1031 1544 1095 1601 ani·

211 1613 253 1669 mi
266 1612 319 1680 est,
350 1614 445 1691 magni
463 1614 568 1690 ingenii
587 1630 755 1690 magnaeque
769 1612 938 1683 constantiae.
975 1617 1093 1679 Etenim

209 1688 239 1746 in
246 1700 326 1749 tanto
333 1690 565 1751 civiumnumero
571 1707 672 1766 magua
686 1689 837 1749 multitudo
852 1689 890 1757 est
903 1708 1019 1764 eorum,
1040 1696 1101 1772 qui·

208 1777 257 1825 aut
271 1779 383 1842 propter
393 1780 502 1826 metum
516 1786 627 1844 poenae,
644 1779 826 1843 peccatorum
839 1767 952 1827 suorum
966 1771 1091 1842 conscii,

206 1860 300 1902 novos
321 1856 415 1905 motus
433 1843 686 1920 conversionesque
706 1844 865 1918 reipublicae
878 1860 1019 1922 quaerant,
1034 1862 1091 1911 aut

205 1922 390 1999 qui,proptar
402 1920 515 1980 insitum
528 1921 671 1999 quendam
683 1920 770 1979 animi
784 1920 927 1990 furorem,
947 1922 1091 1985 discordiis

206 2001 313 2058 civium
332 2017 364 2058 ac
378 1999 512 2057 seditione
528 1998 705 2075 ³pascantur:
727 2008 775 2055 aut
789 1999 855 2073 qui,
874 2001 1090 2096 propterimqli-

207 2074 561 2143 cationemreifamiiiaris‚
582 2074 732 2133 communi
749 2075 884 2137 incendio
891 2075 989 2135 malint
1000 2087 1090 2153 quarn

205 2154 257 2213 suo
276 2154 434 2228 deflagrare.
470 2151 519 2227 qui
533 2151 598 2209 cium
613 2151 738 2217 auderes
752 2149 813 2209 sunt
833 2152 863 2209 δι
876 2151 960 2219 duces
973 2152 1104 2217 suorum

207 2230 361 2290 studiorum
381 2228 572 2304 vitiorumque
591 2226 682 2298 nacti,
702 2230 731 2286 in
749 2228 887 2303 republica
901 2226 998 2287 flucius
1011 2234 1090 2291 exci-

499 2314 502 2323 '
976 2317 1087 2369 tantur:

239 2483 261 2515 a.
278 2472 322 2523 itus
332 2464 462 2518 militaria]
477 2463 579 2524 Qtantae
591 2474 650 2508 cura
662 2457 734 2507 fuerit
746 2458 810 2522 apud
821 2462 953 2507 Romanos
965 2474 1004 2509 res
1016 2461 1086 2511 mili·

205 2531 280 2586 raris,
297 2528 336 2577 vel
347 2543 377 2577 ex
388 2540 418 2576 eo
429 2526 521 2589 liquet,
539 2524 621 2590 quod,
637 2537 663 2571 ut
676 2524 710 2571 ait
721 2526 744 2570 N
748 2524 788 2570 aio
800 2538 842 2570 nr.
853 2523 915 2572 Fast.

306 2596 356 2659 Qu*
366 2598 414 2639 bene
420 2592 541 2653 pugnabat,
558 2594 680 2655 'Romanam
691 2601 781 2633 noverat
791 2602 874 2645 arram,

342 2662 374 2704 M
375 2660 433 2701 strare
443 2657 483 2718 qui
490 2666 573 2714 poterat
581 2655 643 2714 pala,
659 2655 814 2710 ‹injurius-erar.

206 2726 238 2770 Et
250 2719 318 2784 quod
329 2716 359 2766 ab
371 2717 422 2780 ipso
435 2721 515 2763 Marte
526 2714 549 2762 se
560 2728 696 2778 prognatos
713 2709 760 2760 eisc
777 2714 843 2762 credi
861 2715 987 2763 volebant.
1022 2717 1086 2766 vide
1123 2740 1127 2751 ·

205 2784 310 2832 Valtrini
322 2781 398 2829 nostri
409 2794 461 2843 cap.
472 2796 491 2827 1.
504 2778 546 2829 lib.
554 2784 573 2827 1.
585 2778 615 2826 de
627 2783 665 2826 Re
677 2777 782 2824 Militari
788 2782 862 2827 Rom.
871 2784 903 2827 Et
913 2781 1027 2843 preclare
1039 2781 1087 2845 Jo-

205 2847 291 2911 sephua
303 2844 345 2893 lib.
352 2849 397 2892 111.
409 2844 439 2891 de
451 2842 554 2891 Excidio
567 2857 573 2888 :
591 2844 619 2889 si
628 2846 679 2906 quis
689 2855 761 2887 autem
778 2845 802 2888 iu
818 2846 889 2890 aliam
899 2860 984 2908 quaque
994 2848 1085 2893 militia

203 2928 277 2956 eurum
288 2913 395 2955 raru'unmu
405 2911 504 2953 animum
515 2907 643 2963 intenderit,
660 2909 756 2951 inveniet
766 2907 796 2953 iis
805 2919 891 2953 tantum
908 2910 1025 2969 imperium
1035 2912 1090 2956 vir·

202 2988 249 3021 rute
259 2973 387 3034 acquifirum
397 2972 448 3032 effe,
464 2987 504 3016 nun
516 2969 531 3015 a*
538 2970 631 3027 fortuna
641 2972 750 3016 donatum.
775 2975 822 3016 Nan
832 2973 889 3016 enim
901 2972 980 3017 bellum
992 2973 1042 3034 ipfir
1057 2972 1088 3031 est

203 3040 297 3084 initium
306 3052 430 3091 armorum,
447 3051 512 3096 neque
517 3034 588 3092 solum
600 3036 623 3079 u'n
634 3032 832 3091 aereffitare'nraaus
843 3048 943 3089 movent,
954 3052 1002 3082 rum
1013 3039 1037 3081 in
1044 3048 1089 3097 pa·

202 3120 224 3148 ee
231 3102 320 3159 fuerint
329 3100 408 3154 otu'utu',
421 3098 459 3158 sad
468 3111 573 3159 tanquam
583 3115 630 3144 cum
641 3097 690 3158 ipfis
700 3099 769 3141 armis
785 3101 834 3141 uati
849 3099 922 3143 nullas
937 3100 964 3142 ab
979 3102 1088 3147 exarcitu-

202 3169 260 3212 n'uue
270 3166 356 3224 capiunt
366 3163 473 3209 inducias.
501 3158 546 3208 Sed
556 3158 588 3207 de
599 3160 637 3207 his
648 3157 704 3208 vide
715 3159 845 3223 vegetium
861 3158 1018 3224 prefatione,
1036 3166 1088 3211 Ρο-

201 3225 298 3292 lybium
308 3223 350 3273 lib.
358 3229 400 3274 Vi.
413 3227 438 3273 &
449 3223 520 3271 alios.
539 3226 638 3271 Abram.

235 3306 256 3344 3·
277 3291 413 3348 PafiunrurJ
446 3287 570 3335 sallustius
580 3289 606 3335 in
623 3287 753 3336 Catilina:
786 3287 859 3334 Turia
870 3300 935 3351 arque
943 3289 1087 3348 seditionibus

200 3357 298 3401 aluntur.
317 3351 405 3399 Noster
417 3348 497 3416 supra:
514 3355 578 3426 Κεφ.
587 3355 692 3414 flmguu'ue
698 3352 835 3411 sugiuunrur.
870 3356 917 3399 Pro
930 3352 1030 3400 Milone
1043 3368 1087 3403 ιιι.

201 3423 264 3480 Qus
275 3420 302 3463 P.
315 3417 386 3461 (ludii
391 3417 459 3476 furor
472 3419 570 3480 rapinas,
587 3418 614 3470 θ’
626 3417 745 3472 incendiis,
756 3415 782 3467 ὁ·
795 3416 894 3464 omnibus
904 3417 981 3463 exitiis
994 3417 1089 3479 publicis

195 3484 270 3551 pauit.
287 3477 365 3530 Idem.
902 3491 904 3495 ·

980 3560 1003 3602 4.
1022 3547 1080 3593 Pru·
