2318 3914
201 181 287 268 2438
444 200 447 205 ·
522 181 835 250 Ort-ucro'

78 316 105 365 1.
112 315 154 365 lx.
206 282 313 360 aliquid
324 285 355 343 in
367 281 507 360 republica
519 280 597 360 poffe
609 282 818 345 arbitrarentur:
838 284 1019 362 equiteavetd
1027 284 1097 342 Κοψ

208 376 309 420 manos
322 363 351 410 ⁶⁷
359 359 545 420 daturosillius
551 360 610 420 dies
616 376 812 437 poenas,quo,
821 378 868 419 me
876 361 1005 431 consule,
1019 376 1085 419 cum

133 443 138 454 ’
164 446 168 457 ’
205 436 302 513 gladiis
318 438 349 496 in
362 437 437 497 cliuo
451 437 613 511 Capitolino
625 434 736 495 iuiffent
750 459 758 496 ι
786 436 902 496 Veniffe
914 450 1026 513 tempus
1038 438 1088 504 iia,

92 526 96 533 “
207 517 257 591 qui
270 514 301 573 in
314 516 417 573 timore
429 511 557 583 initient,
577 515 750 590 (con'uratos
763 515 895 573 videlicet
907 514 1028 590 dicebat)
1047 512 1092 569 ul-

207 590 328 651 ciscendi
339 591 375 651 se.
394 532 709 660 Sidixiffethocsollm,
728 592 809 650 omni
818 592 952 667 supplicio
967 589 1034 650 effet
1048 589 1091 648 di·

248 686 289 727 us.
323 684 392 727 narn
406 672 497 726 oratio
508 667 563 751 ipsa
577 666 695 726 consulis
706 668 858 743 petruciosa
876 667 965 746 potest
978 683 1094 742 ternpu-

162 684 312 831 29lllcam
325 744 499 803 labeftdiare.
523 742 603 820 Quid
617 745 732 814 fecerit,
752 744 856 810 videte,
888 745 925 805 L.
939 744 1092 811 Lamiam¹

210 822 260 899 qui
274 818 339 881 cuni
354 838 401 880 me
420 819 509 897 ipsum
522 838 575 896 pro
588 821 696 880 summa
716 821 900 881 familiaritate
915 863 923 889 ,
943 839 1009 898 quae
1023 819 1095 881 milri

210 900 390 967 cumfratre,
411 914 477 957 cum
491 909 569 973 patre
593 898 652 974 ejus
671 909 746 968 erat,
765 897 849 958 unice
867 897 1012 974 diligebat,
1031 909 1095 957 turn

210 993 263 1054 pro
275 972 415 1050 republica
432 973 481 1033 vel
492 986 617 1034 mortem
631 987 764 1049 oppetere
778 975 923 1051 cupiebat,
943 977 1009 1033 ⁶⁸in
1024 966 1096 1034 corl-

98 1098 104 1109 e
210 1053 296 1111 cioue
310 1051 456 1127 relegavit:
478 1050 637 1127 edixitque,
656 1064 688 1111 ut
694 1051 729 1110 ab
740 1052 809 1111 urbe
823 1050 925 1111 abesset
939 1051 1024 1111 millia
1036 1048 1095 1127 pal-

51 1151 62 1208 1
77 1149 131 1205 ‘ive
145 1146 199 1200 atii.
209 1128 431 1189 suumducentar
452 1127 604 1205 quddeffct
618 1127 695 1186 ausus
709 1145 761 1204 pro
775 1130 862 1198 leiti,
882 1145 935 1204 pto
948 1130 1020 1188 bene
1033 1143 1094 1186 me-

212 1204 267 1268 rito
281 1207 369 1274 ¹ctvi,
388 1221 441 1280 pro
448 1206 559 1275 arnico,
578 1221 630 1280 pro
637 1206 776 1279 republica
784 1205 934 1282 deprecari.

250 1282 330 1341 Xlll.
349 1285 456 1359 Quru
477 1300 551 1340 troc
566 1281 796 1343 hominefaciaa?
814 1280 927 1416 autcpud
941 1279 1097 1341 civcmim·

209 1370 382 1441 portunurn,
403 1370 451 1419 aut
465 1360 525 1438 qud
537 1358 629 1436 potius
639 1356 750 1418 hollem
763 1370 822 1419 tam
835 1359 881 1417 sce
891 1370 998 1417 etatum
1012 1356 1097 1417 resec*

209 1435 281 1496 ves?
299 1437 363 1514 qui,
384 1446 417 1496 ut
429 1437 560 1496 omiuam
575 1447 683 1504 cetera,
702 1453 767 1514 quae
786 1436 848 1497 [unt
860 1437 887 1494 ei
909 1452 974 1494 curn
988 1433 1097 1509 collega

210 1513 331 1577 immani
356 1516 525 1591 impuroque
545 1509 695 1589 conjuncta
719 1525 804 1592 atque
825 1512 1009 1581 communia,
1035 1509 1094 1572 hoc

211 1608 302 1651 uuum
314 1590 397 1651 habet
408 1593 571 1668 proprium,
590 1600 623 1651 ut
641 1590 775 1664 expulerit
795 1608 831 1648 err
851 1588 939 1659 urbe,
954 1587 1098 1664 relegarit,

214 1682 277 1729 uon
301 1666 366 1728 dico
380 1669 506 1746 equitem
519 1669 700 1738 Romanum,
720 1685 780 1727 non
793 1664 996 1726 ornatiffimum
1014 1676 1099 1741 atque

214 1746 357 1822 optimum
370 1746 486 1815 virum,
511 1762 571 1805 non
591 1745 787 1804 amiciffimurn
807 1743 965 1819 reipublicae
984 1740 1098 1810 civem,

212 1838 275 1884 uon
294 1822 343 1880 illo
362 1822 420 1898 ipso
440 1834 569 1898 tempore
595 1820 652 1881 und
673 1840 738 1881 cum
766 1821 861 1880 senatu
881 1822 911 1878 &
931 1827 998 1878 curn
1018 1817 1099 1877 bonis

214 1899 348 1964 omnibus
368 1898 461 1960 casum
482 1899 567 1958 amici
585 1900 681 1976 reique
694 1898 813 1974 publicae
824 1898 984 1973 lugentem:
1004 1893 1099 1954 sedci-
1132 1930 1135 1937 -

212 1992 283 2036 vem
297 1975 463 2037 Romanum
478 1974 643 2041 ⁶⁹iit1eullo
661 1975 769 2054 judicio
789 1986 837 2040 aut
857 1973 950 2034 edicto
962 1989 997 2032 ex
1011 1972 1099 2051 patria

213 2052 440 2131 consulejecerit.
1011 2124 1088 2184 ”Ni

245 2252 286 2302 67.
302 2251 402 2293 Deturos
411 2246 476 2299 illius
486 2246 533 2294 diei
539 2253 634 2309 penas]
650 2244 758 2308 Quidam
768 2243 824 2295 libri
831 2242 1029 2302 veteteshaberrt‚
1037 2247 1099 2292 diest

194 2364 200 2371 ,
216 2308 244 2361 dr
255 2320 345 2357 notant
356 2304 513 2374 grammatici
523 2323 630 2369 veteres,
647 2310 687 2359 hic
698 2311 735 2358 ita
750 2311 861 2358 locutum
877 2308 924 2357 effe
937 2310 1100 2367 ciceronem,

191 2397 196 2402 ·
215 2374 244 2430 δι
258 2378 286 2422 Α.
300 2372 397 2421 Gellius
407 2371 450 2432 lib.
456 2377 498 2425 lx.
511 2388 563 2438 cap.
573 2389 608 2434 14.
643 2373 684 2424 Est
696 2374 778 2429 enlm,
793 2375 857 2429 dies,
876 2373 994 2421 hocloco
1007 2373 1101 2436 patrius

216 2435 284 2490 casua
294 2437 422 2501 antiquus:
439 2451 488 2501 qua
499 2435 530 2484 de
540 2451 566 2486 re
576 2452 623 2486 nos
633 2437 660 2486 in
672 2435 770 2487 scholiis
781 2438 941 2486 Lucretianis.
960 2438 1035 2485 Lami.
1066 2439 1102 2484 ll-

216 2502 263 2557 ie'ui
272 2504 319 2548 diei
325 2507 419 2565 panca]
441 2500 538 2555 Gellius
549 2500 592 2550 lib.
599 2507 640 2551 lx.
654 2503 729 2551 Nost.
743 2506 796 2550 Att.
810 2515 908 2564 cap-14,
942 2503 1042 2565 Qincus
1053 2505 1102 2550 En·

217 2566 270 2612 m'us
280 2567 305 2612 in
318 2572 355 2613 16.
374 2569 467 2612 „Annali
477 2568 522 2612 dies
527 2567 611 2629 scripfia
619 2579 658 2628 pro
670 2569 716 2614 diei
728 2569 751 2613 in
761 2569 798 2612 hoc
808 2566 884 2626 cerfie:

318 2629 427 2689 Postume
438 2632 473 2677 len
485 2632 553 2693 inque
562 2633 607 2677 dies
616 2631 727 2691 confecerit
737 2643 795 2678 etue.

218 2694 335 2740 ciceronem
365 2709 434 2758 coque
448 2645 542 2753 affirmat
554 2699 579 2741 Ce
588 2695 650 2741 ellim
667 2697 689 2741 in
704 2698 798 2741 oratione
808 2708 875 2756 quam
887 2704 926 2754 pro
945 2695 1018 2740 Sextio
1035 2691 1101 2750 fecit,

157 2755 169 2810 J
215 2757 263 2804 dies
268 2709 367 2820 scripfijl
372 2769 411 2820 pro
421 2757 477 2811 diei,
493 2758 550 2821 quod
560 2774 594 2820 ego
606 2756 698 2819 impensi
708 2755 783 2820 operi,
794 2756 915 2820 conquifitis
924 2758 1031 2803 veteribus
1041 2759 1103 2805 libris

212 2821 333 2883 plusculis,
349 2824 396 2876 itu,
412 2834 437 2867 ut
451 2823 547 2873 celellius
556 2824 603 2876 eoi,
614 2825 719 2884 furtinum
731 2824 819 2877 iuveni,
836 2818 931 2884 profert
942 2819 1007 2867 hunc
1017 2821 1102 2889 lupum

217 2884 246 2942 ἀ
255 2882 317 2955 legit
329 2884 393 2946 apud
404 2887 545 2939 Maronem,

319 2950 387 2995 Libro
396 2950 454 3004 dies,
465 2950 579 3010 ‚somnique
585 2960 649 3011 peres
658 2948 697 2995 aii
703 2947 782 3007 fecerit
792 2950 863 2996 boras.
898 2945 999 2995 Abram.

251 3018 289 3060 61.
308 3014 334 3057 In
344 3013 437 3058 concione
446 3012 573 3072 relegavit]
590 3020 616 3060 In
626 3016 721 3059 concione
726 3012 772 3070 fine
782 3013 823 3073 lege
835 3013 938 3071 relegavit
950 3028 958 3054 :
975 3010 1013 3063 ita
1021 3009 1048 3057 in
1061 3026 1105 3059 ve-

207 3074 286 3189 ῗήἕι
311 3073 403 3123 uodam
413 3068 479 3123 libio
488 3073 604 3139 ictipcum
615 3075 719 3129 inveniri
730 3074 830 3127 testatur
837 3075 930 3122 amicus
941 3082 1010 3123 tricus
1022 3075 1103 3125 homu

117 3170 120 3177 -
236 3153 252 3187 o
279 3139 284 3148 “
342 3155 377 3189 ua.
394 3140 467 3197 vrfin.

248 3209 287 3257 69.
306 3208 357 3252 dine
366 3205 550 3264 utiejudicioeut
561 3205 647 3261 edulia]
679 3200 843 3266 Pantagathus
860 3200 977 3266 legebat,
994 3203 1041 3260 fine
1058 3206 1106 3251 ulle

209 3268 296 3329 judicio
307 3296 317 3321 ,
328 3270 369 3329 fico
378 3269 459 3315 ediec:
477 3264 631 3323 comesturi,
643 3264 730 3321 credo,
741 3266 840 3322 duitus,
858 3265 926 3330 quod
942 3262 1012 3329 supra
1023 3264 1102 3314 dixit:

215 3331 333 3397 Qlegeoic
345 3333 454 3396 edixitque
469 3344 495 3378 uc
505 3333 531 3377 ab
547 3335 598 3378 urie
608 3332 681 3389 ubeffet
691 3333 764 3378 millia
776 3333 875 3393 paffuum
893 3333 989 3378 ducenta.
1023 3327 1103 3380 Idem.

213 3394 329 3461 Proprie,
346 3408 405 3442 narn
416 3394 502 3469 populi
512 3395 566 3452 lex,
583 3392 662 3458 plebis
672 3393 772 3450 lcitum,
783 3392 885 3443 senatis
898 3393 1104 3449 consultum,de·

213 3468 321 3516 aetum,
338 3458 490 3516 cudentes,
512 3456 672 3524 Magistratus
687 3457 803 3508 edistum.
836 3459 902 3506 Hine
917 3455 1059 3522 frequentet
1074 3459 1103 3508 in

77 3466 357 3683 Ὓηείνῦὶ,
375 3526 588 3581 centumcellen.
605 3524 681 3599 paulo
692 3521 756 3597 poli,
784 3523 1105 3640 Etiunnediceruudm
