2318 3914
98 144 163 235 Dr
185 150 440 217 Provinciis
461 146 810 217 Cousunnnrnos.
840 150 923 235 2637

38 261 128 333 legem
142 257 210 317 ferri
222 256 322 316 licere:
341 256 406 315 clim
419 254 465 313 lert
485 256 604 324 seratur,
625 255 652 302 ⁸5
669 256 704 315 de
719 256 792 315 caelo
804 256 921 326 serrari,
931 270 956 319 r.
973 266 1083 319 Lxxtx.¹

43 336 226 404 obnuntiati,
252 332 386 393 intercedi
404 331 510 390 licere:
544 331 701 391 censorium
724 332 862 409 judicium
888 349 922 392 ac

43 413 71 453 ⁸⁶
83 412 253 479 notionem,
274 410 345 467 ⁸7&
364 408 431 468 illud
452 426 566 467 morum
586 408 784 467 severilllmum
799 410 924 485 magiste-

44 488 135 555 rium,
154 504 216 546 non
236 482 291 545 ess'e
309 486 421 544 nefariis
439 483 545 560 legibus
563 483 598 543 de
610 486 723 543 civitate
735 484 886 544 subletum:
905 483 926 543 st

44 562 173 639 patricius
191 562 315 623 tribunus
334 562 420 638 plebis
438 561 539 631 suerit,
559 573 656 619 contra
669 560 744 637 leges
755 562 883 620 sacratas:
904 560 924 619 fr

46 638 186 727 plpbejus,
201 650 298 697 contra
311 639 430 724 auspicia
444 635 538 695 fuisse:
558 649 605 695 aut
619 638 687 695 milri
703 638 862 697 concedant
873 638 927 695 ho

49 732 138 775 mines
157 727 288 793 oportet,
307 718 385 773 haut
403 731 433 771 m
453 714 533 771 rebus
543 713 624 771 bonis
636 732 696 772 non
709 732 744 773 ex
764 714 855 775 uirere
864 713 952 789 jurah
969 720 1070 768 entole

47 807 93 863 et,
112 792 203 879 quaei
224 789 244 850 fi
256 794 286 851 in
300 790 411 867 perditis
422 805 482 847 non
494 791 503 835 t
516 792 676 867 exquirunt,
696 808 728 867 pr
765 793 846 851 ertim
861 790 926 849 clim
937 784 1024 831 Mantus,
1037 796 1079 835 aut

48 866 79 926 ab
89 866 169 927 illst
217 870 329 947 quoties
341 864 468 927 conditio
481 865 516 925 C.
528 866 628 925 Caesari
639 866 692 927 lata
706 867 756 937 stt,
768 881 799 927 ut
812 868 923 927 easdem
934 838 1068 955 f‘g’f’ufss·

49 958 87 1003 tes
104 944 164 1005 alto
185 944 276 1005 modo
297 946 395 1002 ferret:
415 959 470 1019 qua
490 940 655 1003 conditione
674 944 790 1021 auspicia
803 946 925 1023 require·
934 918 1002 1019 Hpq
1029 920 1085 963 ’ω

50 1020 127 1091 bant,
147 1021 223 1099 leges
236 1019 469 1096 comprobabant:
489 1022 518 1077 in
532 1018 636 1078 Clodio
655 1021 839 1096 auspiciorum
853 1022 952 1081 ratiolr
969 1032 1070 1100 atiquo-

49 1094 209 1168 fiteadem,
226 1097 300 1173 leges
311 1112 411 1155 omnes
422 1094 475 1153 sint
486 1096 588 1155 eversae
607 1114 640 1156 ac
652 1098 768 1173 perditae
780 1100 906 1157 civitatis.
933 1098 998 1147 rtem
1008 1102 1064 1150 MS·

83 1172 149 1233 XX.
167 1174 388 1253 Exrnrnun
407 1171 475 1230 illud
488 1172 534 1231 est.
552 1176 645 1248 lego,
664 1170 784 1233 fiess'ent
803 1175 926 1235 inimici·
934 1178 969 1234 47

45 1249 96 1329 ¹tiae
108 1250 179 1309 mihi
192 1266 258 1309 cum
273 1250 307 1309 C.
320 1250 547 1318 Caesare‚tamen
558 1249 615 1307 hoc
627 1261 757 1325 tempore
768 1241 944 1329 reipublicae¹
961 1242 1026 1289 0⁰¹²
1037 1252 1087 1305 ⁶3⁰

52 1324 209 1397 consulere,
220 1327 377 1386 inimicitias
389 1328 419 1383 in
432 1323 506 1383 aliud
517 1338 628 1401 tempus
641 1328 777 1386 reservare
788 1306 991 1388 deberemm·

50 1400 156 1479 postem
174 1406 262 1463 etiam
278 1405 455 1463 summorum
476 1403 602 1461 virorum
622 1402 754 1481 exemplo
771 1406 931 1465 inimicitias

51 1478 206 1557 respublicae
220 1478 298 1539 nun
310 1480 464 1556 deponere:
483 1478 545 1549 sed,
564 1496 631 1537 cum
650 1480 807 1541 inimicitiae
825 1483 930 1543 suerint

50 1572 203 1635 numquam
210 1580 220 1625 ς
241 1557 339 1632 opinio
353 1556 460 1631 injuriae
477 1554 616 1615 beneficio
637 1556 668 1614 sit
688 1556 840 1617 exstincta:
866 1559 930 1619 sen-

51 1634 135 1692 tentia
149 1651 229 1704 mea,
248 1646 337 1709 patres
350 1634 512 1708 conscripti,
529 1631 548 1689 si
562 1631 678 1708 dignitas
689 1634 778 1709 agitur
791 1635 824 1693 C.
838 1636 930 1695 Caesa·

51 1712 100 1781 tis,
117 1710 231 1773 homini
243 1710 376 1769 tribuam:
399 1710 525 1768 sihonos
537 1709 669 1786 quidam,
686 1707 794 1769 senatus
813 1728 934 1772 concor·

51 1782 106 1847 ‹ltae
116 1786 274 1847 consulam:
294 1787 314 1845 fi
327 1786 473 1846 auctoritas
486 1785 663 1845 decretorum
675 1784 846 1857 vellrortrm,
866 1806 937 1848 con-

51 1864 175 1925 stantiam
191 1861 295 1923 ordinis
307 1864 336 1922 in
351 1864 456 1922 eodem
469 1862 598 1921 ornando
617 1864 786 1938 imperatore
804 1862 934 1928 servabo:

51 1940 72 2001 fi
89 1952 222 2018 perpetua
241 1941 312 1998 ratio
333 1940 432 1998 Gallici
453 1938 533 2005 belli,
552 1938 712 2011 reipublicae
722 1940 893 2015 providebo:
913 1942 936 2003 si

50 2017 163 2097 aliquod
176 2033 274 2075 mcum
289 2017 428 2091 privatum
443 2014 568 2071 officium
578 2032 641 2083 ,me
655 2032 714 2073 non
727 2016 865 2092 ingratum
880 2016 936 2079 effe

52 2092 193 2171 praestabo.
210 2094 306 2171 Atque
319 2094 376 2153 hoc
390 2090 476 2151 velim
488 2090 604 2169 probare
616 2092 936 2170 omnibus,patrescon-

871 2172 936 2233 scri·

79 2334 116 2385 85.
134 2332 173 2375 De
193 2329 240 2377 uso
253 2327 361 2389 servari,
383 2325 523 2382 chrumsarr',
540 2327 743 2385 intremiscere]
769 2331 828 2388 Qtae
839 2324 933 2376 sustulit

52 2390 157 2439 clodius
166 2402 209 2447 ut,
225 2404 281 2439 cum
292 2391 367 2440 vellet
380 2390 475 2454 legem,
493 2389 564 2437 nullo
575 2388 745 2454 impediente,
765 2389 828 2439 ferre
845 2390 933 2455 posset.

52 2468 204 2529 qumquam
222 2453 253 2502 de
269 2451 440 2501 interceffione
455 2452 552 2501 sublata
568 2468 689 2518 nusquam
704 2454 776 2517 legi:
798 2468 843 2502 nec
855 2453 936 2504 subla-

52 2528 106 2565 tntn
114 2516 273 2568 tribuniciam
284 2515 480 2565 intercessionem
491 2531 506 2563 a
516 2516 616 2563 tribuno
628 2518 662 2580 pl.
675 2516 798 2567 crederem
810 2550 818 2574 ,
835 2517 879 2567 nisi
891 2518 936 2567 ad·

52 2579 161 2638 damur,
177 2598 227 2629 cum
237 2584 273 2628 lex
280 2582 377 2642 feratur.
395 2582 431 2628 ira
442 2579 548 2628 clodius
560 2583 654 2644 populo
666 2593 745 2635 cauit,
762 2595 814 2629 non
825 2578 935 2641 senatui,

51 2658 107 2695 eum
117 2642 239 2693 intercedi
251 2649 274 2694 S.
286 2649 317 2693 C.
329 2641 421 2708 posset,
438 2642 533 2708 legibus
546 2658 597 2690 non
609 2639 695 2705 posset.
730 2650 755 2692 Ρ.
771 2650 857 2693 Manat.

80 2716 119 2759 86.
136 2712 277 2765 Notionem]
293 2713 348 2756 voit
360 2708 419 2772 saepe
430 2706 540 2755 adhibita
550 2722 601 2754 non
612 2720 710 2753 rantum
721 2706 762 2754 ubi
772 2705 804 2755 de
819 2707 935 2756 Censori-

51 2770 93 2821 bus
107 2770 205 2828 sermo,
222 2771 351 2836 quomodo
362 2769 420 2836 saepe
432 2771 495 2834 apud
507 2772 632 2826 Tullium,
646 2770 684 2817 sed
697 2770 772 2817 etiam
783 2768 824 2817 ubi
836 2771 866 2818 de
879 2771 936 2821 aliie

50 2834 238 2903 magistratibus.
272 2839 334 2883 Eam
344 2837 416 2884 Livio
427 2835 529 2885 restituit
540 2836 577 2882 vir
588 2831 694 2883 susumus
706 2832 729 2897 J.
742 2836 768 2881 1¹.
782 2837 936 2892 Gronovius,

52 2898 206 2949 liuxxvll.
219 2912 241 2947 c.
254 2914 293 2955 25.
322 2902 366 2946 „Ad
381 2901 468 2951 censores
483 2917 553 2961 ,inan
570 2902 599 2944 ad
610 2899 710 2959 senarum
721 2930 729 2953 ,
750 2900 858 2945 nationem
875 2903 935 2948 dee·

48 2968 160 3026 penihm.
194 2962 260 3011 Hinc
273 2964 363 3010 merito
374 2960 440 3009 silius
457 2963 508 3013 eius
525 2960 631 3026 Jacobus
650 2961 792 3011 Gronovius
809 2960 872 3011 ridet
888 2964 935 3012 oi·

52 3022 100 3075 serti
123 3024 294 3092 stupiditatem
312 3025 342 3073 ad
360 3026 427 3074 Gell.
441 3030 529 3080 xvlt,
562 3034 596 3074 rt.
615 3024 761 3075 restituentis
777 3040 823 3089 pro
840 3029 935 3072 nationes

52 3092 167 3151 nasama,
184 3103 245 3137 notas
256 3090 295 3137 vel
307 3093 433 3137 notariatus.
463 3096 571 3136 'tanturn
583 3088 640 3138 sane
650 3083 748 3137 interest
760 3090 824 3137 inter
834 3102 896 3136 notas
908 3090 936 3138 dc

51 3158 164 3212 miuus,
185 3165 308 3218 quantum
329 3155 393 3201 inter
409 3150 492 3203 cauffae
510 3152 683 3217 cognitionem
702 3155 727 3201 dc
739 3152 773 3199 rei
785 3151 936 3201 condemna·

52 3218 155 3267 tionem.
191 3220 289 3280 Verburg.

79 3290 118 3339 87.
137 3286 168 3331 Et
185 3283 242 3328 illud
259 3295 343 3328 ntorum
354 3279 512 3341 severrffimum
528 3277 708 3339 ministerium]
728 3277 813 3325 Restat
830 3279 855 3329 δι
871 3278 934 3332 istud

51 3342 76 3393 in
95 3345 149 3395 rel.
172 3358 242 3393 nono
265 3345 289 3393 dt
312 3345 414 3409 Turing.
437 3344 498 3391 item
521 3346 544 3392 S.
562 3341 653 3391 vtttor.
671 3341 833 3407 enpreffitque
850 3346 933 3394 Petrus

51 3408 182 3523 gislodus.
215 3407 340 3475 Vulgata,
365 3410 392 3462 dr
414 3410 480 3457 illum
495 3422 575 3457 moram
585 3406 743 3471 seneriffimum
757 3406 933 3471 magalsratuuar.

73 3484 147 3525 tuter.
