2318 3914
207 131 324 197 PRO
364 124 823 196 Μ.ΜΑ1ῑί’ῑι,ιυ.“
883 128 969 214 '291‘3'

55 232 159 300 ierom
171 245 285 298 tuarum
297 231 505 296 immortalium
513 240 524 305 ς
544 232 579 294 C.
593 229 703 304 Caesar,
721 228 770 292 hie
784 229 875 295 exitus
887 231 966 294 futu-

61 315 193 404 rusfuit,
211 326 259 384 ut,
277 311 394 401 desidis
407 312 581 386 adversariis,
599 308 803 448 rempublicam
816 309 846 368 in
860 326 898 370 eo
909 309 963 371 lic·
1018 382 1051 394 ..

59 400 95 451 tu
115 393 351 470 relinqueres,1n
370 407 430 468 quo
451 405 529 449 nunc
550 388 606 448 est:
625 405 656 448 vr
676 403 709 458 e,
728 386 841 465 quaelo,
859 404 898 447 ne
910 397 985 451 tuaz
998 382 1085 437 ΦΨ

59 478 77 515 ¹
92 466 189 528 divina
201 468 288 527 virtus
308 467 502 527 admirationis
520 463 581 543 plus
600 463 633 525 lit
650 464 778 525 habitura
797 462 885 542 quim
896 464 959 542 glo-
966 446 1058 561 ‘ms'

58 544 130 604 ciae:
148 543 284 624 liquidem
304 543 394 619 gloria
419 543 457 603 est
470 543 578 603 illustris
602 558 636 602 ac
654 552 805 619 pervagata
824 543 982 622 t*multo²¹
997 573 1094 627 mum,-

56 637 127 680 rum
146 622 176 680 δι
188 636 358 697 magnorum
372 661 382 690 ‚
404 630 432 669 ¹⁹
445 620 492 680 vel
504 620 535 680 in
546 620 632 690 suos,
652 618 698 679 vel
712 621 741 678 in
753 617 890 696 patriam,
910 618 958 680 vel
966 652 1022 687 mm
1032 639 1088 702 Μ

56 697 91 756 in
105 714 193 756 omne
205 714 293 773 genus
305 695 458 757 hominum
471 699 548 756 fama
562 698 740 757 meritorum.
964 704 1084 768 taran,

100 773 151 833 lx.
170 776 200 834 H
209 789 261 832 nc
279 791 343 833 1s1
354 794 427 834 run
441 772 491 833 tibi
504 774 610 850 reliqua
622 790 685 850 pars
699 773 751 832 est:
772 775 801 815 ⁶·
814 774 862 835 hic
875 771 1001 842 restatzr

56 848 156 923 adius,
174 853 205 910 in
218 851 277 910 hoc
291 851 491 911 elaborandum
507 849 561 919 est,
581 861 613 910 ut
629 849 835 927 rempublicam
854 852 957 911 consti·-

56 938 140 1000 tuas,
160 930 187 969 ⁶¹
204 944 294 1007 caque
306 938 338 988 tu
356 929 387 990 in
403 928 608 1006 primisbcum
626 926 738 991 summa
757 918 1120 1067 tranquillitatgljfflgji

964 1046 1058 1119 ponta,

94 1161 135 1206 59.
152 1149 190 1197 Vel
200 1148 282 1211 inficis
292 1148 377 1210 oben]
391 1149 501 1201 Fuimus
518 1148 587 1201 delet
601 1162 691 1202 vocem
707 1152 782 1201 cives.-
800 1148 827 1201 bt
842 1145 958 1203 innole-

56 1209 113 1277 εῖτ,
129 1217 207 1278 anue
215 1227 241 1262 tu
251 1217 354 1279 inprimis
364 1217 507 1276 cumsumma
515 1219 688 1280 tranquillitate.
704 1214 791 1280 paullo
801 1213 879 1263 etiam
890 1213 957 1279 posta

57 1279 205 1388 me
214 1290 265 1327 tuus
276 1277 316 1337 asle
325 1283 543 1345 animus‚nunquam
553 1282 588 1327 his
598 1278 767 1343 angustiis,quat
774 1281 957 1329 naturanoiisad

57 1343 117 1388 vioe
145 1357 183 1388 um
192 1344 261 1398 dedit,
271 1354 388 1398 contentus,
401 1354 470 1406 emper
479 1344 657 1391 immortalitatis
662 1358 735 1390 amore
739 1343 859 1404 flagravit.
876 1341 961 1397 Urfiri.

96 1412 136 1454 60.
154 1405 362 1466 manseramus]
377 1410 444 1456 cum
456 1404 594 1455 ustionibus
607 1408 632 1455 &
644 1403 736 1454 fabulis
749 1403 862 1454 conferre
873 1405 957 1458 solent

60 1467 180 1532 politicas
192 1468 310 1519 sitiones.
333 1468 397 1518 Vide
413 1468 445 1518 de
461 1469 572 1536 Augusto
587 1469 763 1534 Tranquillum
773 1469 801 1517 in
818 1469 962 1522 Ostaviano

60 1545 117 1597 cap.
130 1546 168 1586 99.
186 1532 326 1584 Hiucillud
336 1533 449 1583 Aristidis
460 1548 523 1585 orae.
541 1533 639 1583 funebri
655 1535 683 1581 in
699 1538 854 1583 Eteoneuma
872 1536 962 1598 Nenes

60 1598 121 1660 quad
134 1601 185 1644 vita
195 1598 270 1661 cupidi
275 1599 344 1656 simus
353 1612 393 1647 aut
402 1599 550 1656 milesiarum
560 1599 719 1652 multitudine,
734 1600 771 1644 vel
787 1600 851 1663 longa
861 1601 964 1658 seneilui

60 1661 94 1707 tie
104 1660 199 1721 secudu,
215 1662 303 1725 qualern
318 1664 408 1726 quidem
423 1662 519 1709 homines
531 1663 657 1723 pereioiunt
667 1690 676 1716 ,
688 1659 821 1720 filieitatem
839 1666 962 1715 metiamur

55 1727 147 1789 potius,
163 1740 232 1790 quam
246 1740 296 1773 cum
311 1741 334 1771 eo
347 1723 505 1785 praciartffime
520 1724 594 1771 aiium
607 1734 721 1789 putemus,
737 1724 779 1789 qui
793 1726 906 1785 eoncessum
916 1728 964 1788 fiii

60 1790 117 1837 vite
129 1789 228 1852 spatium
243 1789 268 1835 in
283 1803 317 1833 ret
334 1790 427 1850 optimae
442 1788 591 1850 insumpserit,
608 1804 634 1834 aa
644 1800 751 1851 tanquam
757 1793 823 1850 poita
833 1789 960 1853 quispiam,

13 1856 25 1867 ’
60 1853 157 1901 mudum
165 1851 257 1911 satiatis
267 1852 404 1899 auditoribus
419 1851 446 1902 θ
451 1851 607 1914 speilmmibus
614 1885 622 1909 ,
630 1850 734 1910 subulam
744 1850 869 1911 absolverit.
887 1855 964 1904 Sene·

62 1927 94 1964 ca
105 1914 173 1980 epist.
188 1930 227 1974 77.
245 1916 297 1977 jam
307 1913 368 1964 alibi
378 1914 481 1963 citatus:
498 1916 610 1977 Qamodo
616 1915 699 1976 sabula
705 1914 736 1973 fic
744 1916 812 1962 vitat
827 1931 870 1963 nan
880 1932 962 1983 quam·

60 1981 104 2027 diu
119 1982 158 2041 sed
173 1981 304 2044 quambene
323 1980 373 2028 atta
384 1980 415 2039 sit
431 1979 506 2038 refert.
539 1980 606 2027 Nihil
622 1980 652 2026 ael
668 1994 714 2027 rem
727 1982 835 2041 pertinet,
852 1995 894 2045 quo
913 1984 960 2031 loce

60 2044 159 2101 desinat,
174 2059 299 2107 quecunque
309 2044 369 2090 uolet
378 2043 459 2103 eiqsne:
475 2054 563 2091 tantum
572 2046 647 2090 lanam
657 2044 778 2103 clausulam
787 2044 878 2107 impone.
902 2047 961 2097 No·

59 2105 111 2157 stet
128 2107 157 2155 in
171 2109 271 2155 Catone
282 2105 393 2165 Maiore:
410 2110 466 2170 Qu
478 2108 532 2169 sunt
547 2109 617 2169 igitur
631 2108 753 2170 voluptates
768 2118 892 2170 corporum,
907 2126 960 2158 amn

58 2173 200 2220 auiloritatis
207 2172 305 2234 premiis
313 2172 475 2235 comparanda?
491 2172 571 2236 quibus
580 2172 622 2236 qui
626 2171 738 2234 splendide
748 2170 782 2230 uſs
785 2171 852 2232 fient.
868 2175 890 2219 ii
900 2175 961 2223 mine·

57 2237 167 2283 videntur
176 2236 280 2296 subulam
295 2238 365 2285 atatis
376 2248 427 2299 pere
440 2235 497 2297 asse,
513 2252 549 2283 nec
564 2246 671 2300 tanquam
688 2236 828 2283 inexercitati
844 2235 961 2292 histriones

59 2301 88 2349 in
98 2310 194 2347 extremo
203 2301 254 2348 atto
261 2301 371 2361 corruiffa.¹
387 2252 450 2349 vole
460 2298 569 2349 ibidem:
584 2306 658 2365 Neque
664 2300 761 2364 sapienti
770 2301 877 2364 usquead
887 2303 960 2351 Plau-

60 2364 109 2412 dite
125 2365 255 2413 vivendum.
273 2363 298 2411 δι
316 2363 436 2413 extremis
449 2378 513 2428 pene
529 2361 628 2420 verbis,
656 2365 756 2412 denarius
772 2375 846 2411 autem
859 2366 959 2425 paraui·

58 2430 135 2477 atatis
144 2427 186 2486 esi,
202 2440 308 2493 tanquam
314 2429 411 2488 sabula:
427 2435 489 2490 cujus
498 2427 673 2490 defatigationem
684 2427 762 2488 sugere
777 2427 889 2482 debemus,
902 2439 961 2491 pn-

54 2494 139 2558 sertim
149 2493 251 2549 aijuaua
257 2494 369 2554 sacietate.
390 2493 464 2541 Teles
476 2489 672 2557 cyrnagoricuse
690 2497 776 2554 oportet
789 2500 815 2538 ut
830 2490 908 2539 ionum
920 2494 961 2541 ln·-

55 2557 179 2619 strimem,
195 2571 344 2622 quamcunque
351 2558 461 2620 personam
473 2565 537 2620 potta
549 2556 691 2618 imposuerit,
705 2569 753 2600 eam
769 2567 829 2615 agere
843 2558 958 2615 concinne,

57 2624 96 2672 ita
107 2622 133 2673 dr
145 2621 223 2666 virum
233 2621 479 2684 bonum,quamcunque
484 2619 597 2683 personam
603 2617 727 2682 imposuerit
730 2616 831 2677 sortunan
849 2622 958 2677 lineatim,

59 2697 88 2736 ut
97 2686 132 2731 ait
142 2688 210 2740 Bion,
227 2682 297 2743 instar
302 2687 404 2746 poteria,
420 2700 476 2732 nunc
483 2687 584 2747 primas,
601 2700 656 2730 nunc
666 2683 745 2731 tertias
751 2691 824 2745 partes
831 2711 839 2736 ,
846 2698 902 2730 nunc
910 2688 959 2749 Q·

55 2751 110 2814 gis,
127 2765 182 2796 nunc
191 2749 286 2794 mendici
291 2747 402 2812 personam
413 2749 513 2810 imponit.
530 2744 633 2797 Abram.

96 2818 136 2860 61.
153 2816 230 2874 anue
240 2823 265 2857 tu
276 2813 390 2873 inprimis
404 2811 516 2874 composta
527 2811 618 2872 summa
633 2807 800 2875 tranquillitate
815 2807 842 2860 ir
856 2810 898 2858 otie
904 2821 959 2873 per·

24 2878 33 2891 ‘
55 2877 162 2939 fruare]
177 2873 270 2922 Sensus.
288 2871 422 2922 constituas
432 2889 511 2939 remp.
524 2875 551 2924 δι
563 2887 592 2922 ea
603 2868 834 2939 compofira‚sanus
845 2873 872 2922 ὃ(
883 2872 957 2923 inco·

62 2938 142 2992 lumis
157 2951 234 3004 quarn
250 2934 382 2987 diurissimc
397 2937 424 2987 in
442 2938 511 2996 orio,
528 2948 664 3003 antequam
681 2938 774 3001 migres
791 2935 869 2985 evita
904 2934 955 2987 hoc

60 3004 131 3054 enim
143 3000 265 3068 fignificat
276 2999 328 3049 fere
339 3001 472 3067 inprimis)
484 2999 616 3066 perfruere.
632 3001 674 3050 vel
686 3000 814 3113 insprimis,
830 2997 856 3047 id
914 3001 958 3050 in·

59 3079 100 3118 ter
111 3067 214 3133 primos.
231 3064 366 3113 Lambinus
378 3062 461 3114 nescio
473 3078 548 3129 quem
560 3064 655 3114 nodum
666 3064 693 3113 in
715 3062 785 3127 cirpo
796 3062 890 3127 querit.
909 3070 957 3114 Pa·

17 3130 29 3141 '
58 3134 149 3182 ericius.
167 3130 248 3179 Miror
260 3127 300 3176 hic
311 3127 374 3177 nihil
385 3124 480 3178 notaffe
493 3132 641 3187 Grutenum,
658 3140 715 3176 curn
725 3138 813 3176 tamen
823 3126 851 3174 in
863 3128 955 3179 oneri·

60 3194 106 3246 bus
117 3193 243 3245 codicibus
253 3206 346 3258 magna
356 3189 386 3240 lit
398 3193 516 3249 varietas,
532 3202 631 3241 utente
646 3189 782 3241 Lambinus
799 3186 952 3249 observarat.

58 3264 91 3311 lu
102 3259 165 3310 rien.
176 3258 283 3324 legitur:
300 3262 376 3322 anue
385 3268 411 3303 tu
421 3259 446 3304 in
453 3259 535 3320 primis
545 3255 657 3321 campestra
662 3257 749 3318 summo
766 3255 810 3301 etio
823 3253 951 3317 perfruere,

58 3320 153 3373 ltfurt.
186 3330 263 3387 anue
275 3332 302 3369 tu
317 3322 342 3368 in
353 3322 437 3382 primis
447 3320 537 3381 stamma
551 3320 717 3386 tranquillitate
731 3319 759 3372 ά
774 3320 817 3365 etio
823 3316 952 3381 perfruere,

60 3383 150 3436 Dresd.
164 3386 189 3436 bt
200 3388 286 3436 franc.
298 3394 415 3449 uterque:
432 3388 510 3449 anue
519 3395 545 3431 tu
556 3385 581 3431 a'a
588 3386 672 3448 primis
682 3399 731 3432 eum
736 3383 827 3442 flamma
835 3386 953 3448 reaequilq

57 3451 124 3498 licaeo
135 3450 162 3500 dr
172 3452 217 3497 otio
224 3451 346 3525 μνήμη.
362 3461 416 3514 quac
429 3460 487 3496 vera
496 3442 614 3511 scriptura
623 3445 705 3507 est,ot
715 3457 865 3497 monuerunt
874 3448 953 3497 Lam·

57 3511 134 3583 biaut
145 3512 305 3587 zisunas,
321 3512 366 3581 qui
375 3509 492 3631 uadieqrdi
501 3521 581 3561 erann
597 3513 715 3580 compasse
724 3507 821 3579 irrepit
830 3522 863 3564 ex
873 3510 954 3560 later·

157 3592 162 3597 ·
469 3589 506 3627 u
520 3589 577 3633 m
591 3588 630 3629 η
900 3586 958 3639 ΒΝ·
1017 3622 1028 3633 .
