<?xml version="1.0" encoding="UTF-8"?>
<!DOCTYPE html PUBLIC "-//W3C//DTD XHTML 1.0 Transitional//EN"
    "http://www.w3.org/TR/xhtml1/DTD/xhtml1-transitional.dtd">
<html xmlns="http://www.w3.org/1999/xhtml" xml:lang="en" lang="en">
 <head>
  <title>
</title>
<meta http-equiv="Content-Type" content="text/html;charset=utf-8" />
  <meta name='ocr-system' content='tesseract 3.04.00' />
  <meta name='ocr-capabilities' content='ocr_page ocr_carea ocr_par ocr_line ocrx_word'/>
</head>
<body>
  <div class='ocr_page' id='page_1' title='image "./marcitulliicice08pedigoog_0152.png"; bbox 0 0 2318 3914; ppageno 0'>
   <div class='ocr_carea' id='block_1_1' title="bbox 250 102 946 201">
    <p class='ocr_par' dir='ltr' id='par_1_1' title="bbox 250 102 946 201">
     <span class='ocr_line' id='line_1_1' title="bbox 250 102 946 201; baseline 0.007 -24"><span class='ocrx_word' id='word_1_1' title='bbox 250 111 367 177; x_wconf 79' lang='lat' dir='ltr'>reo</span> <span class='ocrx_word' id='word_1_2' title='bbox 407 102 462 175; x_wconf 87' lang='lat' dir='ltr'>M.</span> <span class='ocrx_word' id='word_1_3' title='bbox 500 102 744 179; x_wconf 77' lang='lat' dir='ltr'>Cottio.</span> <span class='ocrx_word' id='word_1_4' title='bbox 859 132 946 201; x_wconf 81' lang='lat'>2555</span> 
     </span>
    </p>
   </div>
   <div class='ocr_carea' id='block_1_2' title="bbox 19 211 969 1427">
    <p class='ocr_par' dir='ltr' id='par_1_2' title="bbox 55 211 946 823">
     <span class='ocr_line' id='line_1_2' title="bbox 55 211 946 283; baseline 0.009 -8"><span class='ocrx_word' id='word_1_5' title='bbox 55 224 89 275; x_wconf 89' lang='lat' dir='ltr'>ot</span> <span class='ocrx_word' id='word_1_6' title='bbox 100 230 172 276; x_wconf 87' lang='lat' dir='ltr'>enm</span> <span class='ocrx_word' id='word_1_7' title='bbox 188 226 216 257; x_wconf 86' lang='lat'>¹¹</span> <span class='ocrx_word' id='word_1_8' title='bbox 303 225 360 275; x_wconf 90' lang='lat' dir='ltr'>teat</span> <span class='ocrx_word' id='word_1_9' title='bbox 370 230 431 275; x_wconf 92' lang='lat' dir='ltr'>non</span> <span class='ocrx_word' id='word_1_10' title='bbox 443 211 605 275; x_wconf 83' lang='lat' dir='ltr'>deformem</span> <span class='ocrx_word' id='word_1_11' title='bbox 619 213 673 275; x_wconf 84' lang='lat' dir='ltr'>effe</span> <span class='ocrx_word' id='word_1_12' title='bbox 686 228 795 279; x_wconf 86' lang='lat' dir='ltr'>natum.</span> <span class='ocrx_word' id='word_1_13' title='bbox 809 216 873 281; x_wconf 92' lang='lat' dir='ltr'>sunt</span> <span class='ocrx_word' id='word_1_14' title='bbox 884 232 946 283; x_wconf 82' lang='lat' dir='ltr'>ete·</span> 
     </span>
     <span class='ocr_line' id='line_1_3' title="bbox 56 233 945 379; baseline 0.006 -26"><span class='ocrx_word' id='word_1_15' title='bbox 56 233 409 379; x_wconf 51' lang='lat' dir='ltr'>mmmamadmoaperv</span> <span class='ocrx_word' id='word_1_16' title='bbox 467 290 661 379; x_wconf 68' lang='lat' dir='ltr'>trinomium,</span> <span class='ocrx_word' id='word_1_17' title='bbox 674 297 945 370; x_wconf 88' lang='lat' dir='ltr'>quoruminadoles·</span> 
     </span>
     <span class='ocr_line' id='line_1_4' title="bbox 57 366 945 447; baseline 0.009 -20"><span class='ocrx_word' id='word_1_18' title='bbox 57 370 152 429; x_wconf 89' lang='lat' dir='ltr'>centia</span> <span class='ocrx_word' id='word_1_19' title='bbox 166 366 422 447; x_wconf 85' lang='lat' dir='ltr'>forma&amp;spec1es</span> <span class='ocrx_word' id='word_1_20' title='bbox 475 366 625 429; x_wconf 86' lang='lat' dir='ltr'>thberalrs.</span> <span class='ocrx_word' id='word_1_21' title='bbox 661 368 715 429; x_wconf 88' lang='lat' dir='ltr'>Sed</span> <span class='ocrx_word' id='word_1_22' title='bbox 722 370 795 431; x_wconf 83' lang='lat' dir='ltr'>aliud</span> <span class='ocrx_word' id='word_1_23' title='bbox 806 372 843 431; x_wconf 85' lang='lat' dir='ltr'>eli</span> <span class='ocrx_word' id='word_1_24' title='bbox 857 376 945 435; x_wconf 85' lang='lat' dir='ltr'>male-</span> 
     </span>
     <span class='ocr_line' id='line_1_5' title="bbox 56 442 942 518; baseline 0.007 -13"><span class='ocrx_word' id='word_1_25' title='bbox 56 443 172 517; x_wconf 79' lang='lat' dir='ltr'>dicere,</span> <span class='ocrx_word' id='word_1_26' title='bbox 191 445 266 507; x_wconf 91' lang='lat' dir='ltr'>aliud</span> <span class='ocrx_word' id='word_1_27' title='bbox 278 444 414 505; x_wconf 89' lang='lat' dir='ltr'>accusare.</span> <span class='ocrx_word' id='word_1_28' title='bbox 439 442 576 505; x_wconf 81' lang='lat' dir='ltr'>accusatio</span> <span class='ocrx_word' id='word_1_29' title='bbox 590 445 697 505; x_wconf 84' lang='lat' dir='ltr'>crimen</span> <span class='ocrx_word' id='word_1_30' title='bbox 712 446 862 518; x_wconf 76' lang='lat' dir='ltr'>desiderat,</span> <span class='ocrx_word' id='word_1_31' title='bbox 879 470 942 511; x_wconf 87' lang='lat' dir='ltr'>rem</span> 
     </span>
     <span class='ocr_line' id='line_1_6' title="bbox 57 520 944 599; baseline 0.008 -19"><span class='ocrx_word' id='word_1_32' title='bbox 57 520 228 594; x_wconf 88' lang='lat' dir='ltr'>utdesrniat‚</span> <span class='ocrx_word' id='word_1_33' title='bbox 250 522 944 599; x_wconf 78' lang='lat' dir='ltr'>¹²hominemutnotet,argumentoprobct,tesle</span> 
     </span>
     <span class='ocr_line' id='line_1_7' title="bbox 58 597 943 676; baseline 0.003 -17"><span class='ocrx_word' id='word_1_34' title='bbox 58 597 220 659; x_wconf 86' lang='lat' dir='ltr'>confirmet.</span> <span class='ocrx_word' id='word_1_35' title='bbox 239 598 500 658; x_wconf 80' lang='lat' dir='ltr'>maledis’tioautem</span> <span class='ocrx_word' id='word_1_36' title='bbox 507 598 576 656; x_wconf 88' lang='lat' dir='ltr'>nihil</span> <span class='ocrx_word' id='word_1_37' title='bbox 587 599 669 657; x_wconf 88' lang='lat' dir='ltr'>habet</span> <span class='ocrx_word' id='word_1_38' title='bbox 682 598 830 675; x_wconf 86' lang='lat' dir='ltr'>propositi,</span> <span class='ocrx_word' id='word_1_39' title='bbox 845 616 943 676; x_wconf 81' lang='lat' dir='ltr'>practer</span> 
     </span>
     <span class='ocr_line' id='line_1_8' title="bbox 59 672 943 752; baseline 0.006 -19"><span class='ocrx_word' id='word_1_40' title='bbox 59 676 280 735; x_wconf 84' lang='lat' dir='ltr'>contumeliam:</span> <span class='ocrx_word' id='word_1_41' title='bbox 299 692 364 752; x_wconf 88' lang='lat' dir='ltr'>quae</span> <span class='ocrx_word' id='word_1_42' title='bbox 381 686 407 725; x_wconf 84' lang='lat'>¹³</span> <span class='ocrx_word' id='word_1_43' title='bbox 417 672 608 749; x_wconf 83' lang='lat' dir='ltr'>spetulantiiss</span> <span class='ocrx_word' id='word_1_44' title='bbox 619 674 750 749; x_wconf 71' lang='lat' dir='ltr'>jactatur,</span> <span class='ocrx_word' id='word_1_45' title='bbox 764 680 943 749; x_wconf 68' lang='lat' dir='ltr'>convicium</span> 
     </span>
     <span class='ocr_line' id='line_1_9' title="bbox 60 748 559 823; baseline -0.004 -12"><span class='ocrx_word' id='word_1_46' title='bbox 60 748 80 811; x_wconf 87' lang='lat' dir='ltr'>li</span> <span class='ocrx_word' id='word_1_47' title='bbox 92 751 227 823; x_wconf 75' lang='lat' dir='ltr'>facetius,</span> <span class='ocrx_word' id='word_1_48' title='bbox 245 752 382 813; x_wconf 84' lang='lat' dir='ltr'>urbanitas</span> <span class='ocrx_word' id='word_1_49' title='bbox 389 751 559 809; x_wconf 88' lang='lat' dir='ltr'>nominatur.</span> 
     </span>
    </p>

    <p class='ocr_par' dir='ltr' id='par_1_3' title="bbox 19 826 969 1362">
     <span class='ocr_line' id='line_1_10' title="bbox 97 826 969 963; baseline 0.003 -76"><span class='ocrx_word' id='word_1_50' title='bbox 97 832 199 963; x_wconf 64' lang='lat' dir='ltr'>(poam</span> <span class='ocrx_word' id='word_1_51' title='bbox 232 828 329 887; x_wconf 88' lang='lat' dir='ltr'>uidem</span> <span class='ocrx_word' id='word_1_52' title='bbox 345 838 450 903; x_wconf 89' lang='lat' dir='ltr'>partem</span> <span class='ocrx_word' id='word_1_53' title='bbox 463 826 641 887; x_wconf 80' lang='lat' dir='ltr'>accusationis</span> <span class='ocrx_word' id='word_1_54' title='bbox 652 828 799 889; x_wconf 84' lang='lat' dir='ltr'>admiratus</span> <span class='ocrx_word' id='word_1_55' title='bbox 816 830 894 901; x_wconf 88' lang='lat' dir='ltr'>sum,</span> <span class='ocrx_word' id='word_1_56' title='bbox 913 832 969 903; x_wconf 78' lang='lat'>&amp;7</span> 
     </span>
     <span class='ocr_line' id='line_1_11' title="bbox 62 900 945 983; baseline 0.003 -20"><span class='ocrx_word' id='word_1_57' title='bbox 62 922 111 965; x_wconf 86' lang='lat' dir='ltr'>nro</span> <span class='ocrx_word' id='word_1_58' title='bbox 120 900 203 965; x_wconf 79' lang='lat' dir='ltr'>estet</span> <span class='ocrx_word' id='word_1_59' title='bbox 234 907 239 915; x_wconf 92' lang='lat'>&#39;</span> <span class='ocrx_word' id='word_1_60' title='bbox 252 900 486 981; x_wconf 86' lang='lat' dir='ltr'>potililmumelse</span> <span class='ocrx_word' id='word_1_61' title='bbox 498 904 627 963; x_wconf 81' lang='lat' dir='ltr'>Atratino</span> <span class='ocrx_word' id='word_1_62' title='bbox 639 904 742 965; x_wconf 89' lang='lat' dir='ltr'>datam.</span> <span class='ocrx_word' id='word_1_63' title='bbox 762 924 853 983; x_wconf 88' lang='lat' dir='ltr'>neque</span> <span class='ocrx_word' id='word_1_64' title='bbox 867 909 945 967; x_wconf 90' lang='lat' dir='ltr'>enim</span> 
     </span>
     <span class='ocr_line' id='line_1_12' title="bbox 20 978 946 1118; baseline 0.002 -77"><span class='ocrx_word' id='word_1_65' title='bbox 20 1022 23 1027; x_wconf 92' lang='lat'>-</span> <span class='ocrx_word' id='word_1_66' title='bbox 63 980 194 1052; x_wconf 86' lang='lat' dir='ltr'>decebat,</span> <span class='ocrx_word' id='word_1_67' title='bbox 213 978 606 1065; x_wconf 81' lang='lat' dir='ltr'>nequeaetasillapostulabat,</span> <span class='ocrx_word' id='word_1_68' title='bbox 619 982 946 1118; x_wconf 73' lang='lat' dir='ltr'>neque,idquodanim-</span> 
     </span>
     <span class='ocr_line' id='line_1_13' title="bbox 19 1056 947 1135; baseline 0.006 -20"><span class='ocrx_word' id='word_1_69' title='bbox 19 1066 23 1135; x_wconf 68' lang='grc' dir='ltr'><strong><em>ζ</em></strong></span> <span class='ocrx_word' id='word_1_70' title='bbox 63 1056 206 1117; x_wconf 86' lang='lat' dir='ltr'>advertere</span> <span class='ocrx_word' id='word_1_71' title='bbox 216 1058 359 1134; x_wconf 87' lang='lat' dir='ltr'>poteratis,</span> <span class='ocrx_word' id='word_1_72' title='bbox 379 1056 470 1132; x_wconf 90' lang='lat' dir='ltr'>pudor</span> <span class='ocrx_word' id='word_1_73' title='bbox 481 1056 767 1133; x_wconf 86' lang='lat' dir='ltr'>patrebaturoptimia</span> <span class='ocrx_word' id='word_1_74' title='bbox 787 1060 947 1132; x_wconf 89' lang='lat' dir='ltr'>olescentis,</span> 
     </span>
     <span class='ocr_line' id='line_1_14' title="bbox 65 1131 948 1211; baseline 0.005 -18"><span class='ocrx_word' id='word_1_75' title='bbox 65 1132 480 1194; x_wconf 85' lang='lat' dir='ltr'>intaliillumorationeversari.</span> <span class='ocrx_word' id='word_1_76' title='bbox 500 1131 612 1191; x_wconf 89' lang='lat' dir='ltr'>Vellem</span> <span class='ocrx_word' id='word_1_77' title='bbox 620 1133 716 1211; x_wconf 85' lang='lat' dir='ltr'>aliquis</span> <span class='ocrx_word' id='word_1_78' title='bbox 730 1138 851 1197; x_wconf 82' lang='lat' dir='ltr'>exvobis</span> <span class='ocrx_word' id='word_1_79' title='bbox 863 1139 948 1197; x_wconf 91' lang='lat' dir='ltr'>robu-</span> 
     </span>
     <span class='ocr_line' id='line_1_15' title="bbox 66 1207 948 1294; baseline 0.005 -25"><span class='ocrx_word' id='word_1_80' title='bbox 66 1210 187 1271; x_wconf 85' lang='lat' dir='ltr'>stioribus</span> <span class='ocrx_word' id='word_1_81' title='bbox 197 1211 272 1269; x_wconf 89' lang='lat' dir='ltr'>hunc</span> <span class='ocrx_word' id='word_1_82' title='bbox 280 1207 571 1294; x_wconf 81' lang='lat' dir='ltr'>maledicendilocum</span> <span class='ocrx_word' id='word_1_83' title='bbox 579 1208 738 1285; x_wconf 88' lang='lat' dir='ltr'>suscepisset.</span> <span class='ocrx_word' id='word_1_84' title='bbox 758 1213 900 1290; x_wconf 88' lang='lat' dir='ltr'>aliquanto</span> <span class='ocrx_word' id='word_1_85' title='bbox 913 1214 948 1273; x_wconf 92' lang='lat' dir='ltr'>li-</span> 
     </span>
     <span class='ocr_line' id='line_1_16' title="bbox 67 1285 945 1362; baseline 0.002 -13"><span class='ocrx_word' id='word_1_86' title='bbox 67 1286 167 1361; x_wconf 76' lang='lat' dir='ltr'>berius,</span> <span class='ocrx_word' id='word_1_87' title='bbox 185 1288 217 1347; x_wconf 76' lang='grc' dir='ltr'>δι</span> <span class='ocrx_word' id='word_1_88' title='bbox 229 1285 341 1359; x_wconf 78' lang='lat' dir='ltr'>fortius,</span> <span class='ocrx_word' id='word_1_89' title='bbox 360 1285 945 1362; x_wconf 79' lang='lat' dir='ltr'>&amp;magmmorenostrorefutaremusistam</span> 
     </span>
    </p>

    <p class='ocr_par' dir='ltr' id='par_1_4' title="bbox 861 1367 948 1427">
     <span class='ocr_line' id='line_1_17' title="bbox 861 1367 948 1427; baseline 0.023 -2"><span class='ocrx_word' id='word_1_90' title='bbox 861 1367 948 1427; x_wconf 88' lang='lat' dir='ltr'>male-</span> 
     </span>
    </p>
   </div>
   <div class='ocr_carea' id='block_1_3' title="bbox 66 1481 945 1992">
    <p class='ocr_par' dir='ltr' id='par_1_5' title="bbox 66 1481 945 1992">
     <span class='ocr_line' id='line_1_18' title="bbox 96 1481 942 1549; baseline 0.007 -20"><span class='ocrx_word' id='word_1_91' title='bbox 96 1494 132 1531; x_wconf 92' lang='lat' dir='ltr'>tt.</span> <span class='ocrx_word' id='word_1_92' title='bbox 151 1484 278 1543; x_wconf 71' lang='lat' dir='ltr'>Paeniteat]</span> <span class='ocrx_word' id='word_1_93' title='bbox 294 1486 365 1532; x_wconf 83' lang='lat' dir='ltr'>Hunc</span> <span class='ocrx_word' id='word_1_94' title='bbox 376 1483 460 1533; x_wconf 88' lang='lat' dir='ltr'>locum</span> <span class='ocrx_word' id='word_1_95' title='bbox 470 1481 674 1548; x_wconf 87' lang='lat' dir='ltr'>reprehendemnt</span> <span class='ocrx_word' id='word_1_96' title='bbox 687 1484 804 1549; x_wconf 89' lang='lat' dir='ltr'>quidam,</span> <span class='ocrx_word' id='word_1_97' title='bbox 821 1496 847 1532; x_wconf 91' lang='lat' dir='ltr'>ut</span> <span class='ocrx_word' id='word_1_98' title='bbox 859 1486 942 1549; x_wconf 81' lang='lat' dir='ltr'>Agell.</span> 
     </span>
     <span class='ocr_line' id='line_1_19' title="bbox 70 1540 944 1612; baseline 0.007 -21"><span class='ocrx_word' id='word_1_99' title='bbox 70 1540 189 1595; x_wconf 70' lang='lat' dir='ltr'>liltxvll.</span> <span class='ocrx_word' id='word_1_100' title='bbox 201 1547 270 1612; x_wconf 89' lang='lat' dir='ltr'>quod</span> <span class='ocrx_word' id='word_1_101' title='bbox 277 1554 376 1611; x_wconf 75' lang='lat' dir='ltr'>paenitere</span> <span class='ocrx_word' id='word_1_102' title='bbox 388 1546 488 1596; x_wconf 87' lang='lat' dir='ltr'>terbum</span> <span class='ocrx_word' id='word_1_103' title='bbox 498 1545 542 1595; x_wconf 90' lang='lat' dir='ltr'>nisr</span> <span class='ocrx_word' id='word_1_104' title='bbox 554 1547 581 1595; x_wconf 92' lang='lat' dir='ltr'>in</span> <span class='ocrx_word' id='word_1_105' title='bbox 593 1549 737 1597; x_wconf 83' lang='lat' dir='ltr'>voluntariis</span> <span class='ocrx_word' id='word_1_106' title='bbox 752 1548 821 1596; x_wconf 85' lang='lat' dir='ltr'>rebus</span> <span class='ocrx_word' id='word_1_107' title='bbox 827 1564 877 1595; x_wconf 89' lang='lat' dir='ltr'>non</span> <span class='ocrx_word' id='word_1_108' title='bbox 885 1564 944 1612; x_wconf 91' lang='lat' dir='ltr'>pro·</span> 
     </span>
     <span class='ocr_line' id='line_1_20' title="bbox 70 1604 944 1677; baseline 0.005 -20"><span class='ocrx_word' id='word_1_109' title='bbox 70 1604 97 1657; x_wconf 77' lang='lat' dir='ltr'>bd</span> <span class='ocrx_word' id='word_1_110' title='bbox 105 1608 213 1657; x_wconf 74' lang='lat' dir='ltr'>dicatum</span> <span class='ocrx_word' id='word_1_111' title='bbox 230 1624 283 1659; x_wconf 90' lang='lat' dir='ltr'>non</span> <span class='ocrx_word' id='word_1_112' title='bbox 293 1608 363 1659; x_wconf 74' lang='lat' dir='ltr'>fuisse</span> <span class='ocrx_word' id='word_1_113' title='bbox 373 1622 456 1660; x_wconf 88' lang='lat' dir='ltr'>autern</span> <span class='ocrx_word' id='word_1_114' title='bbox 464 1612 491 1659; x_wconf 91' lang='lat' dir='ltr'>in</span> <span class='ocrx_word' id='word_1_115' title='bbox 502 1609 604 1659; x_wconf 89' lang='lat' dir='ltr'>arbitrio</span> <span class='ocrx_word' id='word_1_116' title='bbox 616 1611 693 1660; x_wconf 87' lang='lat' dir='ltr'>coelii</span> <span class='ocrx_word' id='word_1_117' title='bbox 704 1610 753 1677; x_wconf 82' lang='lat' dir='ltr'>qud</span> <span class='ocrx_word' id='word_1_118' title='bbox 768 1610 851 1661; x_wconf 80' lang='lat' dir='ltr'>formd</span> <span class='ocrx_word' id='word_1_119' title='bbox 861 1610 944 1662; x_wconf 90' lang='lat' dir='ltr'>nascc-</span> 
     </span>
     <span class='ocr_line' id='line_1_21' title="bbox 69 1672 944 1740; baseline 0.005 -17"><span class='ocrx_word' id='word_1_120' title='bbox 69 1683 135 1723; x_wconf 74' lang='lat' dir='ltr'>mur.</span> <span class='ocrx_word' id='word_1_121' title='bbox 168 1673 262 1723; x_wconf 83' lang='lat' dir='ltr'>Mirum</span> <span class='ocrx_word' id='word_1_122' title='bbox 273 1672 306 1722; x_wconf 85' lang='lat' dir='ltr'>est</span> <span class='ocrx_word' id='word_1_123' title='bbox 316 1687 398 1722; x_wconf 91' lang='lat' dir='ltr'>aurem</span> <span class='ocrx_word' id='word_1_124' title='bbox 408 1688 461 1724; x_wconf 90' lang='lat' dir='ltr'>tam</span> <span class='ocrx_word' id='word_1_125' title='bbox 471 1674 561 1739; x_wconf 81' lang='lat' dir='ltr'>frigide</span> <span class='ocrx_word' id='word_1_126' title='bbox 571 1675 698 1739; x_wconf 80' lang='lat' dir='ltr'>Agellium</span> <span class='ocrx_word' id='word_1_127' title='bbox 710 1676 869 1740; x_wconf 84' lang='lat' dir='ltr'>respondisse,</span> <span class='ocrx_word' id='word_1_128' title='bbox 887 1693 944 1727; x_wconf 88' lang='lat' dir='ltr'>rum</span> 
     </span>
     <span class='ocr_line' id='line_1_22' title="bbox 70 1732 945 1804; baseline 0.007 -21"><span class='ocrx_word' id='word_1_129' title='bbox 70 1732 144 1787; x_wconf 81' lang='lat' dir='ltr'>dicere</span> <span class='ocrx_word' id='word_1_130' title='bbox 155 1742 395 1801; x_wconf 80' lang='lat' dir='ltr'>potuerat‚l’oenitet</span> <span class='ocrx_word' id='word_1_131' title='bbox 406 1755 451 1804; x_wconf 84' lang='lat' dir='ltr'>pro</span> <span class='ocrx_word' id='word_1_132' title='bbox 463 1737 638 1795; x_wconf 84' lang='lat' dir='ltr'>dolet,taedet,</span> <span class='ocrx_word' id='word_1_133' title='bbox 644 1740 726 1803; x_wconf 85' lang='lat' dir='ltr'>piget,</span> <span class='ocrx_word' id='word_1_134' title='bbox 735 1755 795 1804; x_wconf 80' lang='lat' dir='ltr'>agre</span> <span class='ocrx_word' id='word_1_135' title='bbox 807 1737 945 1804; x_wconf 79' lang='lat' dir='ltr'>esl‚displi·</span> 
     </span>
     <span class='ocr_line' id='line_1_23' title="bbox 70 1798 944 1867; baseline 0.006 -19"><span class='ocrx_word' id='word_1_136' title='bbox 70 1811 115 1859; x_wconf 85' lang='lat' dir='ltr'>oct,</span> <span class='ocrx_word' id='word_1_137' title='bbox 131 1798 274 1867; x_wconf 82' lang='lat' dir='ltr'>frequenter</span> <span class='ocrx_word' id='word_1_138' title='bbox 285 1799 391 1866; x_wconf 90' lang='lat' dir='ltr'>usurpari</span> <span class='ocrx_word' id='word_1_139' title='bbox 403 1819 410 1850; x_wconf 80' lang='lat' dir='ltr'>r</span> <span class='ocrx_word' id='word_1_140' title='bbox 433 1815 459 1851; x_wconf 91' lang='lat' dir='ltr'>ut</span> <span class='ocrx_word' id='word_1_141' title='bbox 469 1801 533 1867; x_wconf 85' lang='lat' dir='ltr'>apud</span> <span class='ocrx_word' id='word_1_142' title='bbox 544 1806 644 1852; x_wconf 82' lang='lat' dir='ltr'>Terent.</span> <span class='ocrx_word' id='word_1_143' title='bbox 676 1804 750 1863; x_wconf 77' lang='lat' dir='ltr'>Nostri</span> <span class='ocrx_word' id='word_1_144' title='bbox 760 1817 839 1851; x_wconf 77' lang='lat' dir='ltr'>nosmet</span> <span class='ocrx_word' id='word_1_145' title='bbox 846 1810 944 1865; x_wconf 80' lang='lat' dir='ltr'>poent&#39;tet.</span> 
     </span>
     <span class='ocr_line' id='line_1_24' title="bbox 69 1863 944 1932; baseline 0.005 -21"><span class='ocrx_word' id='word_1_146' title='bbox 69 1866 103 1911; x_wconf 72' lang='lat' dir='ltr'>Ne</span> <span class='ocrx_word' id='word_1_147' title='bbox 111 1878 221 1929; x_wconf 65' lang='lat' dir='ltr'>quantum</span> <span class='ocrx_word' id='word_1_148' title='bbox 231 1868 266 1913; x_wconf 86' lang='lat' dir='ltr'>hic</span> <span class='ocrx_word' id='word_1_149' title='bbox 278 1869 345 1929; x_wconf 81' lang='lat' dir='ltr'>operis</span> <span class='ocrx_word' id='word_1_150' title='bbox 350 1866 394 1926; x_wconf 77' lang='lat' dir='ltr'>fiat</span> <span class='ocrx_word' id='word_1_151' title='bbox 402 1871 498 1930; x_wconf 77' lang='lat' dir='ltr'>pant&#39;tet.</span> <span class='ocrx_word' id='word_1_152' title='bbox 517 1866 606 1914; x_wconf 84' lang='lat' dir='ltr'>Noster</span> <span class='ocrx_word' id='word_1_153' title='bbox 616 1867 642 1913; x_wconf 89' lang='lat' dir='ltr'>in</span> <span class='ocrx_word' id='word_1_154' title='bbox 650 1863 721 1914; x_wconf 88' lang='lat' dir='ltr'>Offic.</span> <span class='ocrx_word' id='word_1_155' title='bbox 740 1868 792 1931; x_wconf 76' lang='lat' dir='ltr'>Qu</span> <span class='ocrx_word' id='word_1_156' title='bbox 803 1870 832 1913; x_wconf 81' lang='lat' dir='ltr'>ad</span> <span class='ocrx_word' id='word_1_157' title='bbox 842 1880 863 1912; x_wconf 86' lang='lat' dir='ltr'>re</span> <span class='ocrx_word' id='word_1_158' title='bbox 873 1883 944 1932; x_wconf 82' lang='lat' dir='ltr'>quan·</span> 
     </span>
     <span class='ocr_line' id='line_1_25' title="bbox 66 1928 944 1992; baseline 0.002 -16"><span class='ocrx_word' id='word_1_159' title='bbox 66 1940 108 1976; x_wconf 74' lang='lat' dir='ltr'>ten</span> <span class='ocrx_word' id='word_1_160' title='bbox 115 1942 156 1991; x_wconf 85' lang='lat' dir='ltr'>pra</span> <span class='ocrx_word' id='word_1_161' title='bbox 185 1931 220 1975; x_wconf 83' lang='lat' dir='ltr'>ias</span> <span class='ocrx_word' id='word_1_162' title='bbox 231 1946 283 1975; x_wconf 83' lang='lat' dir='ltr'>num</span> <span class='ocrx_word' id='word_1_163' title='bbox 290 1933 401 1992; x_wconf 81' lang='lat' dir='ltr'>paeniteat.</span> <span class='ocrx_word' id='word_1_164' title='bbox 419 1928 551 1979; x_wconf 82' lang='lat' dir='ltr'>Infamiam</span> <span class='ocrx_word' id='word_1_165' title='bbox 562 1941 644 1977; x_wconf 90' lang='lat' dir='ltr'>autem</span> <span class='ocrx_word' id='word_1_166' title='bbox 656 1929 742 1976; x_wconf 71' lang='lat' dir='ltr'>Coelio</span> <span class='ocrx_word' id='word_1_167' title='bbox 754 1945 783 1977; x_wconf 86' lang='lat' dir='ltr'>ert</span> <span class='ocrx_word' id='word_1_168' title='bbox 795 1941 865 1978; x_wconf 81' lang='lat' dir='ltr'>atate</span> <span class='ocrx_word' id='word_1_169' title='bbox 876 1929 944 1989; x_wconf 82' lang='lat' dir='ltr'>obje-</span> 
     </span>
    </p>
   </div>
   <div class='ocr_carea' id='block_1_4' title="bbox 66 1927 944 2103">
    <p class='ocr_par' dir='ltr' id='par_1_6' title="bbox 66 1927 944 2103">
     <span class='ocr_line' id='line_1_26' title="bbox 66 1927 944 2103; baseline 0.003 -62"><span class='ocrx_word' id='word_1_170' title='bbox 66 1988 128 2041; x_wconf 73' lang='lat' dir='ltr'>dam</span> <span class='ocrx_word' id='word_1_171' title='bbox 137 1927 269 2057; x_wconf 50' lang='lat' dir='ltr'>o&#39;i‘nificar.</span> <span class='ocrx_word' id='word_1_172' title='bbox 287 1998 374 2042; x_wconf 75' lang='lat' dir='ltr'>Horam.</span> <span class='ocrx_word' id='word_1_173' title='bbox 404 1993 515 2043; x_wconf 87' lang='lat' dir='ltr'>Coelium</span> <span class='ocrx_word' id='word_1_174' title='bbox 526 1992 653 2041; x_wconf 81' lang='lat' dir='ltr'>Atratinus</span> <span class='ocrx_word' id='word_1_175' title='bbox 660 1991 780 2103; x_wconf 57' lang='lat' dir='ltr'>gasonenr</span> <span class='ocrx_word' id='word_1_176' title='bbox 792 1994 944 2044; x_wconf 74' lang='lat' dir='ltr'>Pulchellum</span> 
     </span>
    </p>
   </div>
   <div class='ocr_carea' id='block_1_5' title="bbox 10 2054 948 3442">
    <p class='ocr_par' dir='ltr' id='par_1_7' title="bbox 10 2054 948 2948">
     <span class='ocr_line' id='line_1_27' title="bbox 67 2054 944 2125; baseline 0.002 -20"><span class='ocrx_word' id='word_1_177' title='bbox 67 2068 180 2113; x_wconf 72' lang='lat' dir='ltr'>vocarat,</span> <span class='ocrx_word' id='word_1_178' title='bbox 198 2055 257 2104; x_wconf 85' lang='lat' dir='ltr'>citat</span> <span class='ocrx_word' id='word_1_179' title='bbox 269 2054 374 2122; x_wconf 84' lang='lat' dir='ltr'>Jacobus</span> <span class='ocrx_word' id='word_1_180' title='bbox 388 2057 508 2105; x_wconf 77' lang='lat' dir='ltr'>Nicolaus</span> <span class='ocrx_word' id='word_1_181' title='bbox 520 2054 624 2103; x_wconf 87' lang='lat' dir='ltr'>Lo&#39;e&#39;nfis</span> <span class='ocrx_word' id='word_1_182' title='bbox 640 2055 659 2103; x_wconf 90' lang='lat' dir='ltr'>li</span> <span class='ocrx_word' id='word_1_183' title='bbox 676 2060 738 2105; x_wconf 83' lang='lat' dir='ltr'>.1x.</span> <span class='ocrx_word' id='word_1_184' title='bbox 757 2057 944 2125; x_wconf 81' lang='lat' dir='ltr'>Epiphyllidum</span> 
     </span>
     <span class='ocr_line' id='line_1_28' title="bbox 64 2116 946 2185; baseline 0.001 -18"><span class='ocrx_word' id='word_1_185' title='bbox 64 2132 113 2185; x_wconf 83' lang='lat' dir='ltr'>cap.</span> <span class='ocrx_word' id='word_1_186' title='bbox 120 2134 161 2169; x_wconf 86' lang='lat'>21.</span> <span class='ocrx_word' id='word_1_187' title='bbox 181 2117 295 2171; x_wconf 76' lang='lat' dir='ltr'>chinium</span> <span class='ocrx_word' id='word_1_188' title='bbox 306 2118 509 2169; x_wconf 82' lang='lat' dir='ltr'>Fortunatianum</span> <span class='ocrx_word' id='word_1_189' title='bbox 520 2116 657 2169; x_wconf 82' lang='lat' dir='ltr'>Rhetorem</span> <span class='ocrx_word' id='word_1_190' title='bbox 665 2120 693 2167; x_wconf 87' lang='lat' dir='ltr'>in</span> <span class='ocrx_word' id='word_1_191' title='bbox 704 2118 754 2168; x_wconf 76' lang='lat' dir='ltr'>hac</span> <span class='ocrx_word' id='word_1_192' title='bbox 765 2123 850 2169; x_wconf 83' lang='lat' dir='ltr'>verba:</span> <span class='ocrx_word' id='word_1_193' title='bbox 868 2125 946 2169; x_wconf 63' lang='lat' dir='ltr'>Erum</span> 
     </span>
     <span class='ocr_line' id='line_1_29' title="bbox 10 2184 945 2248; baseline 0.002 -18"><span class='ocrx_word' id='word_1_194' title='bbox 10 2206 15 2221; x_wconf 67' lang='grc' dir='ltr'><em>ν</em></span> <span class='ocrx_word' id='word_1_195' title='bbox 67 2184 102 2230; x_wconf 73' lang='lat' dir='ltr'>illa</span> <span class='ocrx_word' id='word_1_196' title='bbox 111 2186 172 2231; x_wconf 79' lang='lat' dir='ltr'>inter</span> <span class='ocrx_word' id='word_1_197' title='bbox 181 2185 334 2231; x_wconf 76' lang='lat' dir='ltr'>translationes</span> <span class='ocrx_word' id='word_1_198' title='bbox 342 2186 455 2245; x_wconf 82' lang='lat' dir='ltr'>ponimus,</span> <span class='ocrx_word' id='word_1_199' title='bbox 471 2199 516 2248; x_wconf 80' lang='lat' dir='ltr'>qtta</span> <span class='ocrx_word' id='word_1_200' title='bbox 526 2201 567 2230; x_wconf 84' lang='lat' dir='ltr'>nort</span> <span class='ocrx_word' id='word_1_201' title='bbox 577 2186 649 2231; x_wconf 79' lang='lat' dir='ltr'>oetlis</span> <span class='ocrx_word' id='word_1_202' title='bbox 661 2186 700 2243; x_wconf 83' lang='lat' dir='ltr'>sed</span> <span class='ocrx_word' id='word_1_203' title='bbox 715 2188 818 2233; x_wconf 75' lang='lat' dir='ltr'>nominib.</span> <span class='ocrx_word' id='word_1_204' title='bbox 831 2188 945 2235; x_wconf 83' lang='lat' dir='ltr'>translatis</span> 
     </span>
     <span class='ocr_line' id='line_1_30' title="bbox 65 2248 945 2312; baseline 0.001 -17"><span class='ocrx_word' id='word_1_205' title='bbox 65 2249 211 2295; x_wconf 64' lang='lat' dir='ltr'>martur</span> <span class='ocrx_word' id='word_1_206' title='bbox 222 2251 265 2306; x_wconf 80' lang='lat' dir='ltr'>‚litt</span> <span class='ocrx_word' id='word_1_207' title='bbox 276 2264 325 2296; x_wconf 80' lang='lat' dir='ltr'>tum</span> <span class='ocrx_word' id='word_1_208' title='bbox 337 2250 464 2295; x_wconf 61' lang='lat' dir='ltr'>,Atratinus</span> <span class='ocrx_word' id='word_1_209' title='bbox 479 2248 567 2294; x_wconf 76' lang='lat' dir='ltr'>taliam</span> <span class='ocrx_word' id='word_1_210' title='bbox 578 2248 709 2296; x_wconf 78' lang='lat' dir='ltr'>Pulchellum</span> <span class='ocrx_word' id='word_1_211' title='bbox 725 2248 825 2307; x_wconf 76' lang='lat' dir='ltr'>Jasonem</span> <span class='ocrx_word' id='word_1_212' title='bbox 842 2252 945 2312; x_wconf 83' lang='lat' dir='ltr'>appellat,</span> 
     </span>
     <span class='ocr_line' id='line_1_31' title="bbox 63 2304 946 2363; baseline 0.005 -6"><span class='ocrx_word' id='word_1_213' title='bbox 63 2310 90 2363; x_wconf 77' lang='lat' dir='ltr'>tl·</span> <span class='ocrx_word' id='word_1_214' title='bbox 101 2314 175 2363; x_wconf 65' lang='lat' dir='ltr'>cicero</span> <span class='ocrx_word' id='word_1_215' title='bbox 187 2311 282 2357; x_wconf 74' lang='lat' dir='ltr'>Clodiam</span> <span class='ocrx_word' id='word_1_216' title='bbox 294 2312 419 2359; x_wconf 77' lang='lat' dir='ltr'>Palatinam</span> <span class='ocrx_word' id='word_1_217' title='bbox 430 2312 536 2359; x_wconf 81' lang='lat' dir='ltr'>Medeam.</span> <span class='ocrx_word' id='word_1_218' title='bbox 569 2308 630 2361; x_wconf 86' lang='lat' dir='ltr'>Vide</span> <span class='ocrx_word' id='word_1_219' title='bbox 641 2304 691 2358; x_wconf 83' lang='lat' dir='ltr'>fuse</span> <span class='ocrx_word' id='word_1_220' title='bbox 702 2308 825 2361; x_wconf 71' lang='lat' dir='ltr'>Loinsem</span> <span class='ocrx_word' id='word_1_221' title='bbox 841 2313 899 2360; x_wconf 90' lang='lat' dir='ltr'>loco</span> <span class='ocrx_word' id='word_1_222' title='bbox 910 2313 946 2361; x_wconf 91' lang='lat' dir='ltr'>ci·</span> 
     </span>
     <span class='ocr_line' id='line_1_32' title="bbox 63 2370 946 2438; baseline 0.002 -15"><span class='ocrx_word' id='word_1_223' title='bbox 63 2382 131 2431; x_wconf 85' lang='lat' dir='ltr'>tato,</span> <span class='ocrx_word' id='word_1_224' title='bbox 148 2370 192 2423; x_wconf 90' lang='lat' dir='ltr'>ubi</span> <span class='ocrx_word' id='word_1_225' title='bbox 203 2375 228 2421; x_wconf 80' lang='lat' dir='ltr'>ot</span> <span class='ocrx_word' id='word_1_226' title='bbox 239 2374 381 2423; x_wconf 79' lang='lat' dir='ltr'>Atratinum</span> <span class='ocrx_word' id='word_1_227' title='bbox 392 2373 562 2437; x_wconf 82' lang='lat' dir='ltr'>Sempronium</span> <span class='ocrx_word' id='word_1_228' title='bbox 573 2374 696 2438; x_wconf 85' lang='lat' dir='ltr'>appellat,</span> <span class='ocrx_word' id='word_1_229' title='bbox 706 2386 760 2422; x_wconf 91' lang='lat' dir='ltr'>tum</span> <span class='ocrx_word' id='word_1_230' title='bbox 771 2374 876 2425; x_wconf 88' lang='lat' dir='ltr'>eundern</span> <span class='ocrx_word' id='word_1_231' title='bbox 883 2379 946 2425; x_wconf 84' lang='lat' dir='ltr'>Coe-</span> 
     </span>
     <span class='ocr_line' id='line_1_33' title="bbox 61 2434 946 2500; baseline 0 -13"><span class='ocrx_word' id='word_1_232' title='bbox 61 2436 126 2487; x_wconf 85' lang='lat' dir='ltr'>lium</span> <span class='ocrx_word' id='word_1_233' title='bbox 135 2436 165 2484; x_wconf 86' lang='lat' dir='ltr'>in</span> <span class='ocrx_word' id='word_1_234' title='bbox 175 2435 298 2500; x_wconf 86' lang='lat' dir='ltr'>epistolis,</span> <span class='ocrx_word' id='word_1_235' title='bbox 314 2450 367 2485; x_wconf 87' lang='lat' dir='ltr'>tunt</span> <span class='ocrx_word' id='word_1_236' title='bbox 378 2439 488 2486; x_wconf 89' lang='lat' dir='ltr'>Dionem</span> <span class='ocrx_word' id='word_1_237' title='bbox 498 2434 599 2491; x_wconf 78' lang='lat' dir='ltr'>secutus,</span> <span class='ocrx_word' id='word_1_238' title='bbox 616 2438 714 2486; x_wconf 62' lang='lat' dir='ltr'>Abram.</span> <span class='ocrx_word' id='word_1_239' title='bbox 747 2444 835 2486; x_wconf 88' lang='lat' dir='ltr'>verum</span> <span class='ocrx_word' id='word_1_240' title='bbox 847 2439 880 2486; x_wconf 82' lang='lat' dir='ltr'>esi</span> <span class='ocrx_word' id='word_1_241' title='bbox 893 2453 946 2489; x_wconf 88' lang='lat' dir='ltr'>non</span> 
     </span>
     <span class='ocr_line' id='line_1_34' title="bbox 63 2499 945 2566; baseline 0.005 -18"><span class='ocrx_word' id='word_1_242' title='bbox 63 2501 161 2566; x_wconf 79' lang='lat' dir='ltr'>optime</span> <span class='ocrx_word' id='word_1_243' title='bbox 178 2500 290 2548; x_wconf 87' lang='lat' dir='ltr'>Gellium</span> <span class='ocrx_word' id='word_1_244' title='bbox 306 2502 368 2550; x_wconf 88' lang='lat' dir='ltr'>tueri</span> <span class='ocrx_word' id='word_1_245' title='bbox 385 2502 533 2551; x_wconf 88' lang='lat' dir='ltr'>Ciceronem</span> <span class='ocrx_word' id='word_1_246' title='bbox 549 2513 636 2549; x_wconf 88' lang='lat' dir='ltr'>contra</span> <span class='ocrx_word' id='word_1_247' title='bbox 647 2499 759 2549; x_wconf 80' lang='lat' dir='ltr'>Asrrrium</span> <span class='ocrx_word' id='word_1_248' title='bbox 776 2504 802 2550; x_wconf 79' lang='lat' dir='ltr'>ot</span> <span class='ocrx_word' id='word_1_249' title='bbox 814 2502 945 2552; x_wconf 87' lang='lat' dir='ltr'>Licinium.</span> 
     </span>
     <span class='ocr_line' id='line_1_35' title="bbox 62 2563 942 2630; baseline 0.002 -17"><span class='ocrx_word' id='word_1_250' title='bbox 62 2566 132 2613; x_wconf 77' lang='lat' dir='ltr'>Nam</span> <span class='ocrx_word' id='word_1_251' title='bbox 140 2568 243 2627; x_wconf 74' lang='lat' dir='ltr'>penitere</span> <span class='ocrx_word' id='word_1_252' title='bbox 252 2563 311 2627; x_wconf 75' lang='lat' dir='ltr'>sape</span> <span class='ocrx_word' id='word_1_253' title='bbox 321 2564 354 2613; x_wconf 91' lang='lat' dir='ltr'>est</span> <span class='ocrx_word' id='word_1_254' title='bbox 364 2579 416 2613; x_wconf 89' lang='lat' dir='ltr'>non</span> <span class='ocrx_word' id='word_1_255' title='bbox 428 2564 560 2630; x_wconf 86' lang='lat' dir='ltr'>conqueri,</span> <span class='ocrx_word' id='word_1_256' title='bbox 568 2575 712 2612; x_wconf 86' lang='lat' dir='ltr'>contentum</span> <span class='ocrx_word' id='word_1_257' title='bbox 724 2563 778 2613; x_wconf 82' lang='lat' dir='ltr'>esse.</span> <span class='ocrx_word' id='word_1_258' title='bbox 789 2565 863 2615; x_wconf 82' lang='lat' dir='ltr'>Plaut.</span> <span class='ocrx_word' id='word_1_259' title='bbox 872 2570 942 2615; x_wconf 87' lang='lat' dir='ltr'>Poerr.</span> 
     </span>
     <span class='ocr_line' id='line_1_36' title="bbox 63 2628 945 2692; baseline -0.002 -11"><span class='ocrx_word' id='word_1_260' title='bbox 63 2642 84 2681; x_wconf 81' lang='lat'>1.</span> <span class='ocrx_word' id='word_1_261' title='bbox 97 2644 122 2679; x_wconf 82' lang='lat'>2.</span> <span class='ocrx_word' id='word_1_262' title='bbox 136 2642 160 2683; x_wconf 81' lang='lat'>7.</span> <span class='ocrx_word' id='word_1_263' title='bbox 180 2630 282 2675; x_wconf 73' lang='lat' dir='ltr'>convivit</span> <span class='ocrx_word' id='word_1_264' title='bbox 291 2645 325 2677; x_wconf 89' lang='lat' dir='ltr'>me</span> <span class='ocrx_word' id='word_1_265' title='bbox 334 2631 392 2679; x_wconf 82' lang='lat' dir='ltr'>nibil</span> <span class='ocrx_word' id='word_1_266' title='bbox 398 2634 492 2691; x_wconf 75' lang='lat' dir='ltr'>paenitet.</span> <span class='ocrx_word' id='word_1_267' title='bbox 509 2642 562 2675; x_wconf 90' lang='lat' dir='ltr'>non</span> <span class='ocrx_word' id='word_1_268' title='bbox 573 2641 662 2692; x_wconf 87' lang='lat' dir='ltr'>queror</span> <span class='ocrx_word' id='word_1_269' title='bbox 671 2642 712 2675; x_wconf 89' lang='lat' dir='ltr'>me</span> <span class='ocrx_word' id='word_1_270' title='bbox 723 2642 807 2692; x_wconf 85' lang='lat' dir='ltr'>parurn</span> <span class='ocrx_word' id='word_1_271' title='bbox 818 2628 885 2677; x_wconf 72' lang='lat' dir='ltr'>laute</span> <span class='ocrx_word' id='word_1_272' title='bbox 897 2629 945 2679; x_wconf 87' lang='lat' dir='ltr'>esse</span> 
     </span>
     <span class='ocr_line' id='line_1_37' title="bbox 62 2690 948 2756; baseline -0.003 -15"><span class='ocrx_word' id='word_1_273' title='bbox 62 2702 201 2756; x_wconf 59' lang='lat' dir='ltr'>“ceptam-</span> <span class='ocrx_word' id='word_1_274' title='bbox 224 2691 278 2741; x_wconf 85' lang='lat' dir='ltr'>Cic.</span> <span class='ocrx_word' id='word_1_275' title='bbox 292 2706 313 2740; x_wconf 87' lang='lat'>1.</span> <span class='ocrx_word' id='word_1_276' title='bbox 325 2690 357 2740; x_wconf 74' lang='lat' dir='ltr'>ad</span> <span class='ocrx_word' id='word_1_277' title='bbox 370 2699 421 2741; x_wconf 78' lang='lat' dir='ltr'>Att.</span> <span class='ocrx_word' id='word_1_278' title='bbox 436 2708 458 2747; x_wconf 90' lang='grc' dir='ltr'>ς.</span> <span class='ocrx_word' id='word_1_279' title='bbox 482 2697 511 2740; x_wconf 64' lang='lat' dir='ltr'>,A</span> <span class='ocrx_word' id='word_1_280' title='bbox 518 2692 595 2752; x_wconf 77' lang='lat' dir='ltr'>senatu</span> <span class='ocrx_word' id='word_1_281' title='bbox 606 2691 746 2754; x_wconf 75' lang='lat' dir='ltr'>quantifiam</span> <span class='ocrx_word' id='word_1_282' title='bbox 760 2696 849 2738; x_wconf 83' lang='lat' dir='ltr'>minime</span> <span class='ocrx_word' id='word_1_283' title='bbox 859 2710 891 2738; x_wconf 84' lang='lat' dir='ltr'>me</span> <span class='ocrx_word' id='word_1_284' title='bbox 899 2706 948 2755; x_wconf 85' lang='lat' dir='ltr'>pre-</span> 
     </span>
     <span class='ocr_line' id='line_1_38' title="bbox 61 2750 943 2819; baseline 0.001 -15"><span class='ocrx_word' id='word_1_285' title='bbox 61 2759 126 2806; x_wconf 74' lang='lat' dir='ltr'>alem.</span> <span class='ocrx_word' id='word_1_286' title='bbox 144 2753 195 2803; x_wconf 90' lang='lat' dir='ltr'>hoc</span> <span class='ocrx_word' id='word_1_287' title='bbox 206 2752 253 2810; x_wconf 88' lang='lat' dir='ltr'>est,</span> <span class='ocrx_word' id='word_1_288' title='bbox 269 2752 343 2805; x_wconf 74' lang='lat' dir='ltr'>sacili</span> <span class='ocrx_word' id='word_1_289' title='bbox 355 2768 485 2803; x_wconf 89' lang='lat' dir='ltr'>contentus</span> <span class='ocrx_word' id='word_1_290' title='bbox 497 2751 562 2810; x_wconf 89' lang='lat' dir='ltr'>sum,</span> <span class='ocrx_word' id='word_1_291' title='bbox 579 2753 652 2802; x_wconf 72' lang='lat' dir='ltr'>facile</span> <span class='ocrx_word' id='word_1_292' title='bbox 665 2750 798 2819; x_wconf 87' lang='lat' dir='ltr'>acquiesco.</span> <span class='ocrx_word' id='word_1_293' title='bbox 818 2759 864 2802; x_wconf 73' lang='lat' dir='ltr'>Pro</span> <span class='ocrx_word' id='word_1_294' title='bbox 876 2756 943 2806; x_wconf 85' lang='lat' dir='ltr'>coel.</span> 
     </span>
     <span class='ocr_line' id='line_1_39' title="bbox 63 2816 946 2882; baseline 0.005 -17"><span class='ocrx_word' id='word_1_295' title='bbox 63 2835 101 2871; x_wconf 76' lang='lat' dir='ltr'>zo.</span> <span class='ocrx_word' id='word_1_296' title='bbox 138 2825 215 2881; x_wconf 77' lang='lat' dir='ltr'>ltaque</span> <span class='ocrx_word' id='word_1_297' title='bbox 226 2833 250 2864; x_wconf 82' lang='lat' dir='ltr'>ut</span> <span class='ocrx_word' id='word_1_298' title='bbox 261 2836 309 2865; x_wconf 85' lang='lat' dir='ltr'>eum</span> <span class='ocrx_word' id='word_1_299' title='bbox 316 2823 418 2882; x_wconf 74' lang='lat' dir='ltr'>peniteat</span> <span class='ocrx_word' id='word_1_300' title='bbox 428 2838 469 2867; x_wconf 83' lang='lat' dir='ltr'>nen</span> <span class='ocrx_word' id='word_1_301' title='bbox 479 2819 597 2878; x_wconf 79' lang='lat' dir='ltr'>deformem</span> <span class='ocrx_word' id='word_1_302' title='bbox 608 2820 646 2879; x_wconf 62' lang='lat' dir='ltr'><em>ff</em></span> <span class='ocrx_word' id='word_1_303' title='bbox 656 2832 741 2864; x_wconf 79' lang='lat' dir='ltr'>natum.</span> <span class='ocrx_word' id='word_1_304' title='bbox 756 2816 842 2865; x_wconf 84' lang='lat' dir='ltr'>hocest</span> <span class='ocrx_word' id='word_1_305' title='bbox 850 2831 889 2874; x_wconf 86' lang='lat' dir='ltr'>,ut</span> <span class='ocrx_word' id='word_1_306' title='bbox 900 2817 946 2869; x_wconf 84' lang='lat' dir='ltr'>libi</span> 
     </span>
     <span class='ocr_line' id='line_1_40' title="bbox 63 2876 863 2948; baseline 0 -17"><span class='ocrx_word' id='word_1_307' title='bbox 63 2880 192 2947; x_wconf 78' lang='lat' dir='ltr'>displiceat</span> <span class='ocrx_word' id='word_1_308' title='bbox 203 2880 359 2938; x_wconf 88' lang='lat' dir='ltr'>formositas,</span> <span class='ocrx_word' id='word_1_309' title='bbox 375 2895 402 2931; x_wconf 92' lang='lat' dir='ltr'>ut</span> <span class='ocrx_word' id='word_1_310' title='bbox 413 2895 526 2948; x_wconf 85' lang='lat' dir='ltr'>queratur</span> <span class='ocrx_word' id='word_1_311' title='bbox 537 2880 560 2930; x_wconf 86' lang='lat' dir='ltr'>se</span> <span class='ocrx_word' id='word_1_312' title='bbox 569 2880 705 2930; x_wconf 88' lang='lat' dir='ltr'>formosum</span> <span class='ocrx_word' id='word_1_313' title='bbox 717 2876 771 2928; x_wconf 84' lang='lat' dir='ltr'>else.</span> <span class='ocrx_word' id='word_1_314' title='bbox 789 2886 863 2931; x_wconf 76' lang='lat' dir='ltr'>Gran.</span> 
     </span>
    </p>

    <p class='ocr_par' dir='ltr' id='par_1_8' title="bbox 63 2943 947 3200">
     <span class='ocr_line' id='line_1_41' title="bbox 96 2943 947 3010; baseline 0.005 -17"><span class='ocrx_word' id='word_1_315' title='bbox 96 2962 135 2997; x_wconf 81' lang='grc' dir='ltr'>η.</span> <span class='ocrx_word' id='word_1_316' title='bbox 153 2948 269 2993; x_wconf 81' lang='lat' dir='ltr'>Hominem</span> <span class='ocrx_word' id='word_1_317' title='bbox 279 2960 304 2993; x_wconf 83' lang='lat' dir='ltr'>ut</span> <span class='ocrx_word' id='word_1_318' title='bbox 314 2960 370 2993; x_wconf 79' lang='lat' dir='ltr'>notet</span> <span class='ocrx_word' id='word_1_319' title='bbox 379 2948 437 3004; x_wconf 71' lang='lat' dir='ltr'>dte]</span> <span class='ocrx_word' id='word_1_320' title='bbox 458 2951 615 2997; x_wconf 80' lang='lat' dir='ltr'>Hotomanus</span> <span class='ocrx_word' id='word_1_321' title='bbox 626 2943 826 3010; x_wconf 86' lang='lat' dir='ltr'>Disputationum</span> <span class='ocrx_word' id='word_1_322' title='bbox 843 2946 901 3003; x_wconf 82' lang='lat' dir='ltr'>iuris</span> <span class='ocrx_word' id='word_1_323' title='bbox 912 2947 947 2997; x_wconf 92' lang='lat' dir='ltr'>ci·</span> 
     </span>
     <span class='ocr_line' id='line_1_42' title="bbox 63 3008 946 3074; baseline 0.001 -16"><span class='ocrx_word' id='word_1_324' title='bbox 63 3008 122 3059; x_wconf 83' lang='lat' dir='ltr'>vilis</span> <span class='ocrx_word' id='word_1_325' title='bbox 134 3020 207 3056; x_wconf 90' lang='lat' dir='ltr'>tomo</span> <span class='ocrx_word' id='word_1_326' title='bbox 222 3024 243 3057; x_wconf 91' lang='lat'>1.</span> <span class='ocrx_word' id='word_1_327' title='bbox 255 3008 385 3065; x_wconf 88' lang='lat' dir='ltr'>emendat,</span> <span class='ocrx_word' id='word_1_328' title='bbox 400 3027 474 3056; x_wconf 81' lang='lat' dir='ltr'>nomen</span> <span class='ocrx_word' id='word_1_329' title='bbox 485 3023 510 3055; x_wconf 89' lang='lat' dir='ltr'>ut</span> <span class='ocrx_word' id='word_1_330' title='bbox 519 3024 589 3057; x_wconf 82' lang='lat' dir='ltr'>notet:</span> <span class='ocrx_word' id='word_1_331' title='bbox 606 3024 664 3059; x_wconf 88' lang='lat' dir='ltr'>meo</span> <span class='ocrx_word' id='word_1_332' title='bbox 676 3009 784 3068; x_wconf 85' lang='lat' dir='ltr'>judicio,</span> <span class='ocrx_word' id='word_1_333' title='bbox 808 3024 892 3074; x_wconf 86' lang='lat' dir='ltr'>parum</span> <span class='ocrx_word' id='word_1_334' title='bbox 903 3026 946 3059; x_wconf 80' lang='lat' dir='ltr'>ve·</span> 
     </span>
     <span class='ocr_line' id='line_1_43' title="bbox 63 3072 947 3138; baseline 0.003 -17"><span class='ocrx_word' id='word_1_335' title='bbox 63 3072 149 3131; x_wconf 73' lang='lat' dir='ltr'>noste,</span> <span class='ocrx_word' id='word_1_336' title='bbox 166 3074 192 3120; x_wconf 78' lang='lat' dir='ltr'>dt</span> <span class='ocrx_word' id='word_1_337' title='bbox 203 3085 288 3120; x_wconf 89' lang='lat' dir='ltr'>tamen</span> <span class='ocrx_word' id='word_1_338' title='bbox 299 3078 324 3123; x_wconf 73' lang='lat' dir='ltr'>r.</span> <span class='ocrx_word' id='word_1_339' title='bbox 337 3073 464 3122; x_wconf 85' lang='lat' dir='ltr'>Manutius</span> <span class='ocrx_word' id='word_1_340' title='bbox 474 3072 607 3137; x_wconf 83' lang='lat' dir='ltr'>publicavit</span> <span class='ocrx_word' id='word_1_341' title='bbox 618 3108 626 3132; x_wconf 86' lang='lat'>,</span> <span class='ocrx_word' id='word_1_342' title='bbox 647 3078 846 3131; x_wconf 65' lang='lat' dir='ltr'>neminemnam,</span> <span class='ocrx_word' id='word_1_343' title='bbox 862 3086 947 3138; x_wconf 79' lang='lat' dir='ltr'>prater</span> 
     </span>
     <span class='ocr_line' id='line_1_44' title="bbox 64 3134 361 3200; baseline 0 -14"><span class='ocrx_word' id='word_1_344' title='bbox 64 3136 144 3186; x_wconf 79' lang='lat' dir='ltr'>libros</span> <span class='ocrx_word' id='word_1_345' title='bbox 156 3134 276 3200; x_wconf 72' lang='lat' dir='ltr'>profesto.</span> <span class='ocrx_word' id='word_1_346' title='bbox 295 3140 361 3186; x_wconf 80' lang='lat' dir='ltr'>Grut.</span> 
     </span>
    </p>

    <p class='ocr_par' dir='ltr' id='par_1_9' title="bbox 62 3199 948 3442">
     <span class='ocr_line' id='line_1_45' title="bbox 96 3199 948 3264; baseline 0.001 -15"><span class='ocrx_word' id='word_1_347' title='bbox 96 3216 135 3255; x_wconf 76' lang='lat' dir='ltr'>ra.</span> <span class='ocrx_word' id='word_1_348' title='bbox 154 3203 182 3248; x_wconf 66' lang='grc' dir='ltr'>δι’</span> <span class='ocrx_word' id='word_1_349' title='bbox 189 3202 447 3261; x_wconf 76' lang='lat' dir='ltr'>petulantiutjailatar.]</span> <span class='ocrx_word' id='word_1_350' title='bbox 464 3203 573 3248; x_wconf 85' lang='lat' dir='ltr'>Muretus</span> <span class='ocrx_word' id='word_1_351' title='bbox 584 3200 687 3250; x_wconf 78' lang='lat' dir='ltr'>lib.11x.</span> <span class='ocrx_word' id='word_1_352' title='bbox 699 3205 755 3248; x_wconf 87' lang='lat' dir='ltr'>var.</span> <span class='ocrx_word' id='word_1_353' title='bbox 768 3199 835 3248; x_wconf 79' lang='lat' dir='ltr'>Lett.</span> <span class='ocrx_word' id='word_1_354' title='bbox 848 3214 898 3264; x_wconf 84' lang='lat' dir='ltr'>cap.</span> <span class='ocrx_word' id='word_1_355' title='bbox 909 3216 948 3254; x_wconf 83' lang='lat'>19.</span> 
     </span>
     <span class='ocr_line' id='line_1_46' title="bbox 62 3262 947 3327; baseline 0 -14"><span class='ocrx_word' id='word_1_356' title='bbox 62 3263 292 3323; x_wconf 77' lang='lat' dir='ltr'>coniicit,jaciatur.</span> <span class='ocrx_word' id='word_1_357' title='bbox 310 3262 376 3327; x_wconf 86' lang='lat' dir='ltr'>quasi</span> <span class='ocrx_word' id='word_1_358' title='bbox 389 3264 466 3312; x_wconf 88' lang='lat' dir='ltr'>altera</span> <span class='ocrx_word' id='word_1_359' title='bbox 476 3262 533 3311; x_wconf 89' lang='lat' dir='ltr'>ferri</span> <span class='ocrx_word' id='word_1_360' title='bbox 546 3264 613 3327; x_wconf 73' lang='lat' dir='ltr'>aeque</span> <span class='ocrx_word' id='word_1_361' title='bbox 625 3275 739 3326; x_wconf 89' lang='lat' dir='ltr'>nequeat.</span> <span class='ocrx_word' id='word_1_362' title='bbox 753 3268 817 3311; x_wconf 78' lang='lat' dir='ltr'>Idem.</span> <span class='ocrx_word' id='word_1_363' title='bbox 835 3264 947 3318; x_wconf 83' lang='lat' dir='ltr'>Eandem</span> 
     </span>
     <span class='ocr_line' id='line_1_47' title="bbox 63 3325 948 3442; baseline -0.002 -65"><span class='ocrx_word' id='word_1_364' title='bbox 63 3327 160 3377; x_wconf 85' lang='lat' dir='ltr'>Mureti</span> <span class='ocrx_word' id='word_1_365' title='bbox 170 3325 346 3375; x_wconf 86' lang='lat' dir='ltr'>refutationem</span> <span class='ocrx_word' id='word_1_366' title='bbox 359 3325 427 3375; x_wconf 85' lang='lat' dir='ltr'>obire</span> <span class='ocrx_word' id='word_1_367' title='bbox 444 3341 543 3442; x_wconf 77' lang='lat' dir='ltr'>quoque</span> <span class='ocrx_word' id='word_1_368' title='bbox 560 3326 639 3376; x_wconf 88' lang='lat' dir='ltr'>voluit</span> <span class='ocrx_word' id='word_1_369' title='bbox 655 3326 787 3390; x_wconf 77' lang='lat' dir='ltr'>Dionysius</span> <span class='ocrx_word' id='word_1_370' title='bbox 804 3327 948 3394; x_wconf 80' lang='lat' dir='ltr'>salvagnius</span> 
     </span>
    </p>
   </div>
   <div class='ocr_carea' id='block_1_6' title="bbox 60 3386 947 3455">
    <p class='ocr_par' dir='ltr' id='par_1_10' title="bbox 60 3386 947 3455">
     <span class='ocr_line' id='line_1_48' title="bbox 60 3386 947 3455; baseline -0.007 -9"><span class='ocrx_word' id='word_1_371' title='bbox 60 3386 167 3447; x_wconf 75' lang='lat' dir='ltr'>Boeffius</span> <span class='ocrx_word' id='word_1_372' title='bbox 174 3388 396 3447; x_wconf 74' lang='lat' dir='ltr'>advetsumotidii</span> <span class='ocrx_word' id='word_1_373' title='bbox 406 3392 451 3446; x_wconf 83' lang='lat' dir='ltr'>inl</span> <span class='ocrx_word' id='word_1_374' title='bbox 467 3392 493 3443; x_wconf 82' lang='lat' dir='ltr'>ln</span> <span class='ocrx_word' id='word_1_375' title='bbox 500 3424 507 3453; x_wconf 70' lang='lat'><em>2</em></span> <span class='ocrx_word' id='word_1_376' title='bbox 514 3391 589 3455; x_wconf 76' lang='lat' dir='ltr'>Jattat</span> <span class='ocrx_word' id='word_1_377' title='bbox 599 3393 626 3447; x_wconf 71' lang='lat'>&amp;¹</span> <span class='ocrx_word' id='word_1_378' title='bbox 633 3393 658 3440; x_wconf 84' lang='lat' dir='ltr'>in</span> <span class='ocrx_word' id='word_1_379' title='bbox 667 3404 709 3442; x_wconf 83' lang='lat' dir='ltr'>tate</span> <span class='ocrx_word' id='word_1_380' title='bbox 722 3392 787 3444; x_wconf 82' lang='lat' dir='ltr'>verba</span> <span class='ocrx_word' id='word_1_381' title='bbox 797 3395 875 3440; x_wconf 80' lang='lat' dir='ltr'>canina</span> <span class='ocrx_word' id='word_1_382' title='bbox 886 3394 947 3454; x_wconf 79' lang='lat' dir='ltr'>faro.</span> 
     </span>
    </p>
   </div>
   <div class='ocr_carea' id='block_1_7' title="bbox 63 3458 953 3577">
    <p class='ocr_par' dir='ltr' id='par_1_11' title="bbox 63 3458 953 3577">
     <span class='ocr_line' id='line_1_49' title="bbox 63 3458 146 3510; baseline -0.048 0"><span class='ocrx_word' id='word_1_383' title='bbox 63 3458 146 3510; x_wconf 79' lang='lat' dir='ltr'>oron.</span> 
     </span>
     <span class='ocr_line' id='line_1_50' title="bbox 845 3521 953 3577; baseline -0.019 -8"><span class='ocrx_word' id='word_1_384' title='bbox 845 3533 882 3577; x_wconf 78' lang='lat'>14.</span> <span class='ocrx_word' id='word_1_385' title='bbox 900 3521 953 3567; x_wconf 82' lang='lat' dir='ltr'>Pri-</span> 
     </span>
    </p>
   </div>
   <div class='ocr_carea' id='block_1_8' title="bbox 0 0 1168 3914">
    <p class='ocr_par' dir='ltr' id='par_1_12' title="bbox 0 0 1168 3914">
     <span class='ocr_line' id='line_1_51' title="bbox 0 0 1168 3914; baseline 0 0"><span class='ocrx_word' id='word_1_386' title='bbox 0 0 1168 3914; x_wconf 95' lang='lat' dir='ltr'> </span> 
     </span>
    </p>
   </div>
  </div>
 </body>
</html>
