2318 3914
212 140 306 227 ¹2464
539 130 785 198 Ouarto

217 233 736 310 flandaeautconflandaepecuniaenon
748 234 955 310 reperiebatur?
971 249 1059 314 quaer

217 322 267 396 gio
285 331 372 376 orave
390 326 524 372 terrarum
539 323 595 370 erat
607 312 705 379 latior,
725 314 755 369 in
769 329 824 388 qua
838 329 897 369 non
911 330 1029 390 regnum
1045 332 1059 373 a

216 389 480 474 quodstatueretur?
498 389 559 465 quis
566 400 659 457 autem
673 404 738 456 rex,
758 388 807 464 qui
819 386 868 458 illo
882 406 957 447 anno
971 408 1031 449 non
1044 408 1059 450 a

216 470 370 530 emendum
384 465 453 534 fibi,
471 464 548 542 quod
568 481 628 521 non
647 465 787 533 habebat,
813 475 860 522 aut
878 465 1059 526 redimendus

215 544 434 626 quodhabebat,
453 537 645 609 arbitraretur?
664 540 1059 618 quisprqviuciam,·'quispec

215 627 309 691 niam,
328 623 390 699 quis
401 619 570 696 legationem
589 617 623 674 ab
634 615 730 677 senatu
742 615 879 692 petebat?
898 618 1047 678 Damnatis

216 702 247 760 vi
266 698 418 763 restituti03
437 693 696 769 consulathspetitio
711 693 944 770 ipli‘illipopulari
955 695 1059 759 sacerd<

217 775 438 851 comparabatur.
456 772 529 831 Haec
536 769 686 846 gemebant
699 770 781 838 boni,
800 770 942 845 sperabant
953 773 1059 849 improl

217 847 547 930 agebattribunusplebis,
566 845 871 922 consulcsadjuvabaut.

173 933 209 1006 67
256 927 361 988 XXXI.
381 923 495 981 ⁴²ch
518 923 855 993 arrouanroserihs,
870 921 956 1001 quim
972 924 1059 1002 ipsevr

95 1020 98 1025 ·
215 1005 271 1075 let,
292 1004 347 1063 Cn.
359 1000 525 1076 Pompeius,
542 997 706 1057 mvinffimis
723 1000 777 1066 iis,
825 1003 853 1058 ui
873 1016 999 1061 mentem
1021 1020 1059 1078 op

216 1084 258 1140 mi
282 1098 315 1138 ac
344 1077 480 1136 sortiffimi
506 1066 777 1161 virifsuis'confiliis
801 1018 926 1155 flatuque
947 1081 1059 1138 tetrorib

214 1154 402 1216 {defensione
416 1169 489 1211 meae
495 1151 583 1210 salutis
589 1161 763 1222 averterant,
782 1154 914 1213 excitavit
924 1152 1000 1214 illam
1013 1156 1059 1215 sua

59 1261 87 1296 m
101 1241 187 1294 insoli-
215 1251 276 1292 non
289 1232 449 1308 msopttarn,
467 1228 514 1288 sed
525 1227 677 1304 suspicione
689 1225 780 1307 aliqui
797 1229 962 1290 retardatam
976 1232 1059 1293 consu

58 1322 114 1360 tm
120 1310 174 1356 ma.
182 1307 209 1358 θ
216 1305 506 1383 tudinemreipubllcae
512 1305 584 1364 bene
590 1303 727 1380 gerendae.
747 1307 816 1364 Non
829 1305 866 1364 est
879 1304 967 1382 passus
980 1308 1059 1369 illevi

58 1378 113 1421 “³²'‘
128 1371 192 1448 [Ψ
216 1390 266 1465 qui
280 1382 532 1444 *asceleratillinros
545 1382 636 1469 cives,
662 1383 740 1458 quin
753 1383 903 1442 acerrimos
915 1383 1023 1461 hostes,
1043 1405 1059 1465 q

58 1438 195 1549 {wip
218 1464 355 1556 martianas
375 1461 519 1531 nationes,
539 1470 627 1536 *aqur
639 1475 732 1535 reges,
752 1459 800 1537 qui
812 1472 909 1536 gentes
921 1462 992 1521 seras
1009 1474 1058 1551 atq

58 1559 136 1613 finos
151 1565 208 1613 MS.
1016 1557 1059 1600 ma

212 1694 313 1756 ferenda.
331 1692 376 1743 Sed
388 1690 473 1743 Dtesd.
486 1693 512 1742 δι
524 1691 628 1742 Mediol.
636 1695 723 1752 flantia.
757 1695 847 1741 Verum
857 1689 913 1740 huic
924 1691 983 1740 loco
989 1693 1059 1758 flare,

180 1801 185 1811 ,
215 1763 364 1808 euniamnou
374 1757 506 1807 convenite
522 1755 583 1806 vidit
599 1757 663 1806 reste
680 1755 834 1814 Lambinus,
853 1759 895 1804 ‘cui
910 1753 961 1805 fine
973 1756 1059 1873 ποίῃ]

185 1832 188 1836 ’
214 1823 332 1872 reclamat
344 1825 468 1872 Gruterus.
501 1818 680 1881 ,Auferendaest
696 1821 723 1870 ln
738 1819 793 1870 edd.
806 1818 1024 1872 vultuatambin.
1055 1862 1059 1872 .

215 1899 267 1935 aaut.
284 1889 358 1935 Grato.

238 1951 286 2007 az.
304 1953 348 1997 Hic
358 1947 475 2014 aliquando
481 1948 574 2008 striata]
581 1949 625 1995 Ht't
634 1949 748 2013 aliquanto
754 1948 827 2010 serius
833 1945 864 1995 ad
871 1960 941 1997 oram
946 1945 1003 1998 libri
1010 1964 1059 2002 ems

206 2011 348 2068 ¹datum‘eli
360 2013 438 2061 “aviro
448 2010 595 2061 doctissimo.
613 2010 687 2070 vrfin.
1012 2030 1015 2041 =

246 2093 286 2135 4³·
304 2077 475 2136 Sceleratiffimos
483 2080 562 2134 cives]
582 2076 652 2124 Brevi
662 2074 776 2124 oratione
787 2088 874 2124 omnes
885 2077 997 2141 Pompeii
1007 2076 1059 2127 laud

215 2140 339 2204 percurrit.
357 2136 550 2186 sceleratisfimos
560 2137 626 2186 cives
637 2138 744 2203 appellat
752 2171 759 2194 ,
766 2143 814 2188 cn.
823 2141 972 2198 carbonem,
981 2146 1028 2192 cn.
1036 2147 1058 2192 D

214 2203 327 2255 mitium,
344 2200 527 2265 QSertorium:
544 2215 649 2274 quorum
660 2216 735 2250 unum
746 2202 772 2250 in
782 2203 882 2259 Sicilia,
904 2204 1008 2253 alterum
1017 2205 1045 2254 iti
1057 2249 1059 2256 .

214 2263 290 2322 frica,
306 2266 406 2312 tertium
417 2265 544 2328 Pompeius
555 2279 581 2312 ru
592 2263 708 2328 Hispania
718 2265 784 2314 vicit.
817 2270 930 2316 Marcum
944 2269 1022 2317 etiarn
1032 2273 1059 2318 Br

172 2335 175 2339 ’
196 2374 199 2379 ,
216 2340 284 2385 tum,
302 2330 338 2374 Μ.
350 2327 416 2382 Bruti
427 2327 513 2383 illius,
539 2327 582 2392 qui
594 2333 624 2376 c.
638 2326 725 2376 Caesari
735 2343 823 2378 mantas
834 2330 936 2387 intulit,
958 2344 1055 2395 patrem

131 2402 139 2419 =‘
217 2393 301 2441 Gallia
312 2387 430 2454 cisalpina
441 2391 540 2440 occidit.
557 2404 631 2465 quern
640 2391 786 2455 ipsum-cum
794 2391 871 2442 tribus
881 2395 996 2460 iis,quos
1008 2410 1059 2445 non

216 2456 288 2513 navi,
304 2453 404 2504 fortasse
415 2455 503 2505 cicero
515 2453 670 2520 srgmficavit.
699 2455 853 2516 Plutarchus,
870 2458 993 2516 Valerius,
1011 2461 1059 2526 epit

215 2534 256 2568 me
268 2518 345 2574 Livii,
363 2519 413 2568 alii.
462 2524 576 2566 acerrimos
587 2533 659 2567 autem
669 2518 734 2576 bustu
750 2521 776 2571 (a
792 2525 903 2568 maximas
912 2527 1021 2579 nationes,
1038 2539 1059 2572 nr

215 2582 302 2631 dubito
314 2582 375 2648 quin
385 2581 509 2647 intelligat
523 2580 616 2640 afros,
648 2582 738 2630 Gallos
764 2584 791 2631 bt
807 2582 948 2648 Hispanos:
970 2585 1014 2652 qui
1029 2585 1059 2636 od

215 2645 325 2712 quodam
340 2646 366 2694 in
381 2645 501 2711 populum
517 2648 661 2694 Romanum
675 2643 791 2710 impulsa,
808 2648 933 2696 carbonis
948 2650 974 2698 δι
991 2638 1059 2702 δέκτο

214 2709 323 2776 partibus
333 2707 455 2759 haeserunt.
473 2723 518 2774 pro
529 2710 585 2775 lege
596 2709 710 2760 Manilia.
727 2707 801 2774 Qrod
812 2723 893 2759 autent
905 2709 1025 2777 sequitur,
1041 2718 1059 2770 ξ

215 2791 286 2836 tages,
302 2777 343 2840 qui
353 2788 425 2838 gentes
439 2774 499 2830 ferat
515 2789 580 2840 atque
595 2777 722 2830 t‘naudt'tass
743 2772 872 2824 manifesti:
889 2775 982 2825 dissum
993 2790 1059 2842 appa

215 2836 247 2885 de
257 2835 366 2893 Hiarba,
383 2836 528 2886 Mithridate
539 2871 547 2894 ,
563 2837 672 2902 Tigrane
683 2835 763 2902 deque
774 2837 916 2887 nationibus
926 2840 980 2888 illis
992 2875 999 2897 ,
1017 2856 1059 2905 qua

215 2912 288 2948 antea
299 2899 367 2948 sarnai
378 2902 460 2949 minus
471 2912 557 2955 notas,
574 2902 718 2964 Pompeius,
734 2900 792 2949 dum
808 2900 946 2967 fugientem
958 2903 1059 2953 Mithrid

214 2976 267 3012 aem
278 2965 440 3029 persequitur,
465 2961 593 3021 tranfitum
604 2979 635 3012 ne
653 2977 722 3012 antes
733 2966 793 3014 vicit
814 2966 840 3014 bc
859 2963 890 3014 ad
900 2967 986 3031 populi
997 2971 1059 3017 Ron

215 3030 242 3077 ni
253 3027 376 3076 ditionem
385 3026 504 3087 adiunxit.
511 3027 579 3088 unde
585 2979 652 3077 illuc}
659 3029 685 3077 in
695 3028 799 3092 epistola
810 3028 1059 3094 quadamadAttictu

214 3093 443 3156 dampſsctramtqut'd
452 3093 527 3138 dices?
543 3094 638 3154 hessiga!
647 3105 668 3139 te
683 3095 742 3139 nobis
758 3096 783 3138 t'rt
801 3095 935 3141 ,Antilibano
951 3095 1059 3158 confisius]

215 3159 264 3219 agri
275 3157 377 3218 campani
386 3154 514 3216 alastubffea
535 3155 645 3220 epitome
655 3155 741 3212 Liuii,
758 3154 858 3207 libel.
881 3155 1031 3208 Plutarchus.

215 3225 305 3267 Manat.

247 3299 286 3336 44·
303 3282 440 3343 Qiregen]
471 3280 643 3330 Mithridatem
654 3283 893 3349 Ponti,.Tigranem
904 3283 1041 3342 Armenia,

216 3341 301 3395 toe'len
314 3342 438 3400 Albaniae,
455 3349 572 3394 Artocem
584 3344 666 3395 iberia
677 3359 746 3411 reges
757 3346 885 3411 superavit.
914 3349 1048 3413 Tigranem

217 3406 312 3454 niorem
323 3439 331 3462 ,
348 3408 375 3457 bt
387 3406 551 3457 aristobulum
563 3407 691 3525 ludam,
713 3412 740 3459 bt
751 3411 815 3460 alios
825 3426 894 3477 reges
904 3411 932 3463 iu
941 3410 1059 3478 triumphs

215 3471 294 3525 duait.
311 3469 449 3539 epulone,
466 3471 562 3526 Platutc
581 3487 612 3534 o,
628 3475 753 3542 Appiano,
771 3479 872 3536 ΛΜ.

971 3542 1059 3611 ωε
