2318 3914
178 163 290 233 Prto
331 166 384 235 M.
424 166 666 235 Contio.
783 178 867 251 2595

32 266 87 338 ias,
109 281 144 331 ut
158 273 195 332 ed
209 275 330 333 initterct
343 276 523 353 amieos,qui
536 272 739 333 delitescerent:
760 272 864 334 deinde

32 345 112 416 ente,
132 348 197 407 cirrn
216 350 330 409 voniliet
351 352 494 421 Licinius,
512 354 549 409 ut'
564 368 707 409 venenum
727 348 864 419 traderttt

32 422 131 483 ilirent
148 426 352 505 hominemque
363 426 643 503 comprehenderent.

32 500 125 560 xvi.
145 506 233 577 Qun
254 522 406 573 Qurunn
427 506 525 563 omnia
538 546 547 573 ,
562 503 687 579 Judice8‚
705 500 881 579 perfacilem.

32 594 118 635 suem
133 577 236 637 habent
248 597 277 637 re
298 580 477 639 rehenriendi.
497 583 555 638 Cur
568 598 645 639 emm
659 578 769 639 balneas
780 576 870 653 publi·

52 648 55 657 '
72 598 867 733 tillimumconllituerat?inquibusnorrinvenio,²⁴quae

52 746 82 787 ra
97 733 200 805 togatis
211 730 372 791 hominibus
393 730 446 791 elle
465 733 553 807 pollit.
590 734 684 802 Nam,
703 730 721 789 st
738 727 823 789 client
836 730 866 787 in

32 804 113 863 ibulo
127 806 285 866 balnearum
295 826 370 867 :non
382 806 505 867 laterent.
524 808 564 867 lin
574 807 602 866 se
614 808 643 866 in
656 808 787 867 intimum
796 822 866 863 con·
879 842 884 883 ·.

32 898 62 939 re
76 879 197 941 velient:
218 902 271 942 nee
284 884 343 942 satis
364 884 518 943 commode
539 884 654 945 calceati
672 890 703 945 dc
725 882 815 943 vestiti
837 880 871 943 id·

32 974 66 1015 te
87 955 219 1033 pollent,
240 964 271 1017 a<
289 958 397 1019 fortalie
416 980 476 1019 non
495 964 703 1037 reciperentur:
722 960 772 1019 mli
792 955 867 1019 tortd

32 1036 78 1091 ier
92 1048 193 1109 potens
208 1047 234 1081 *ς
249 1038 441 1113 quadrantaria
453 1038 496 1095 illa
529 1035 865 1107 ermittationelamiliaris

32 1128 46 1167 t
60 1111 289 1170 eratbaineatori.
309 1116 403 1189 Atque
416 1114 431 1159 s
439 1058 572 1191 equilum
581 1112 861 1186 vehementerexlpe-
873 1109 909 1187 63
926 1128 949 1173 t.
963 1126 970 1170 i

32 1204 105 1255 nm,
124 1188 239 1263 quinam
255 1190 294 1247 isti
310 1192 359 1249 vin
373 1190 438 1247 boni
447 1232 456 1257 ,
465 1191 544 1247 telles
556 1192 637 1264 hujus
651 1188 798 1249 manifesto
812 1188 862 1247 de·
874 1190 882 1231 ¹
899 1186 970 1267 ‘laid‘

32 1262 104 1322 tertii
117 1266 221 1323 veneni
234 1264 400 1327 dicerentur.
416 1264 485 1325 uuili
498 1270 575 1325 enim
587 1268 650 1325 sunt
663 1266 754 1327 adhuc
767 1270 863 1353 numi·
874 1252 931 1302 ²¹¹⁶·

799 1356 880 1402 nau.-

32 1498 48 1540 t.
67 1484 125 1549 Qe
139 1484 248 1545 latebra]
269 1485 372 1535 Nullum
388 1486 414 1534 in
430 1486 525 1535 balneis
542 1486 640 1552 reperiri
658 1482 778 1535 latebram
789 1482 865 1543 dicit,

32 1545 46 1595 d
60 1547 316 1621 undequaqueiucem
328 1550 492 1599 admitterent.
511 1556 601 1599 Seneca
612 1550 685 1615 Epist.
700 1560 737 1599 aa.
761 1554 799 1597 De
810 1548 866 1597 Bal·

37 1610 173 1676 Scipionis:
192 1616 314 1675 dalneolum
325 1618 449 1677 angustum,
465 1618 612 1677 terrmrieofum
619 1632 658 1670 ,ex
667 1616 815 1674 continetudine
825 1629 867 1659 cn·

32 1690 57 1729 e,
71 1692 115 1723 aas
127 1678 242 1725 uidebatur
251 1681 370 1737 nemoribus
379 1682 456 1727 noritis
466 1684 550 1725 caldam
557 1712 566 1735 ,
581 1679 624 1733 sifi
633 1678 749 1737 talliarum.
767 1674 866 1725 subdit:

32 1756 100 1795 m,
115 1744 167 1803 quis
177 1740 206 1798 est
216 1744 258 1804 qui
267 1744 293 1795 fic
302 1745 379 1787 lavari
384 1744 495 1801 Jisrliseet.
510 1754 525 1804 p
567 1758 590 1789 er
601 1742 643 1800 filei
652 1744 741 1803 videtur
756 1754 781 1785 ae
792 1742 870 1799 sordi-

32 1802 87 1859 ΜΨ
92 1808 280 1865 Plrfells'mqtnis
290 1808 315 1856 la·
323 1805 419 1867 pretiosss
428 1810 512 1853 orbibus
522 1824 545 1855 re
557 1806 661 1863 nllirint,
670 1810 714 1855 dtr.
732 1810 758 1850 ln
769 1808 807 1849 hoc
817 1803 867 1848 bal·

32 1865 136 1927 Scipt'ent's
145 1872 240 1915 minima
245 1870 297 1927 sunt
306 1873 381 1925 rima,
397 1876 465 1931 nangis
475 1886 542 1933 quam
557 1866 648 1926 fenestra
660 1868 870 1929 ,marolapideom

32 1948 51 1988 t,
65 1944 91 1977 att
109 1948 142 1977 ane
153 1932 237 1991 injuria
247 1938 373 1979 munimenti
386 1936 457 1981 lamen
468 1936 614 1978 admitterent.
648 1938 688 1976 tAt
698 1947 752 1976 nanc
762 1930 869 1978 blattaria
899 1942 902 1947 '

32 2008 57 2041 rte
72 1994 164 2051 idaea,
176 1998 197 2056 st
207 2012 251 2058 qua
261 2014 301 2041 non
314 2000 346 2042 t'ta
363 2010 438 2057 aptata
453 2002 516 2052 lutat,
528 2006 552 2041 ul
563 1998 633 2043 totius
642 1996 687 2040 diei
693 1994 761 2054 solem
767 1992 871 2052 fentssrt‘s

32 2056 118 2119 ltffmt's
127 2061 243 2121 ract'pt'ant,
260 2060 303 2114 nili
311 2060 336 2111 dr
349 2063 455 2106 lavantur
460 2060 528 2118 fimnl
537 2060 563 2109 dr
575 2063 710 2112 colerentur,
727 2057 768 2114 sifi
776 2074 802 2103 ex
818 2056 871 2109 lolio

33 2124 80 2175 so·
92 2126 168 2168 naria
176 2125 315 2187 prospiciant.
334 2122 422 2170 Statius
435 2138 455 2172 r.
473 2123 599 2187 sylvarum
609 2119 640 2169 de
651 2120 749 2171 Balneis
759 2116 868 2171 Etruscis

82 2188 171 2233 Multus
182 2190 261 2249 ulique
270 2190 327 2242 dies,
344 2191 414 2234 radiis
425 2190 463 2233 ubi
474 2190 570 2234 culmina
581 2188 633 2233 totis

84 2250 201 2307 Perforat:
217 2267 282 2312 atque
293 2252 337 2297 alio
351 2250 496 2315 lil't'mproltts
506 2252 583 2299 ttrt'lsr
592 2249 648 2310 astu.

34 2308 125 2361 iisdem
136 2314 261 2361 Martialis
273 2313 314 2362 lib.
329 2319 369 2363 Vl.
381 2328 419 2378 ep.
431 2331 471 2376 4²·

82 2382 198 2441 Nusquam
208 2391 254 2424 tam
267 2381 362 2425 nitidum
372 2380 556 2439 mitat-(erenum,

82 2446 137 2489 Lis
147 2442 191 2503 ipfis
201 2441 229 2498 est
241 2444 274 2489 iai
284 2444 379 2504 longior,
396 2446 483 2505 diesque

84 2507 153 2557 Nullo
162 2508 248 2552 tardius
259 2523 272 2549 a
282 2509 325 2553 loco
337 2509 422 2555 recedit.
440 2505 540 2556 Abram.

32 2582 57 2623 ,ς.
73 2570 243 2626 quarumnam
262 2572 304 2616 illa
322 2568 502 2632 permutatione]
530 2569 671 2627 Penfitatr'one
690 2563 870 2633 Pantagathuta

40 2644 66 2681 ut
73 2632 159 2697 postea
172 2632 274 2681 mutavit
284 2635 456 2695 permutatione.
475 2631 553 2682 Urlin.
571 2634 653 2689 Dicit,
671 2634 725 2685 illa,
741 2643 872 2700 tamquam

35 2711 60 2746 re
71 2710 152 2751 nota,
170 2695 237 2743 fama
248 2696 315 2743 enim
333 2698 474 2760 pervulgata
490 2708 560 2752 etat,
578 2695 645 2759 quod
661 2710 691 2742 ex
704 2697 832 2742 plutareno
843 2694 876 2739 lr-

32 2772 59 2816 t,
75 2759 258 2808 adolescentem
268 2760 392 2824 quendam
403 2763 430 2808 in
443 2760 538 2807 Clodia
549 2761 646 2808 loculos
658 2771 703 2822 pro
714 2756 822 2804 nummis
834 2769 875 2802 ar·

32 2824 82 2872 rteis
94 2822 243 2887 quadrantes
254 2838 328 2871 tereos
338 2823 469 2872 immilille.
489 2828 555 2872 Cum
567 2823 614 2873 hoc
627 2823 684 2881 joco
694 2821 800 2868 alterum
811 2832 873 2865 corr·

48 2888 79 2945 it,
96 2884 235 2935 balneatori
247 2886 380 2943 Clodiam,
396 2884 462 2936 facta
472 2886 505 2935 sui
516 2884 759 2952 copid,famiiiatcm
769 2877 816 2931 effe
827 2896 876 2946 po·

32 2902 70 3000 le:
88 2963 115 2998 ut
132 2951 240 3013 stuprum
255 2949 322 3014 quast
337 2950 397 2999 ioco
415 2950 557 3015 quadrantis
568 2949 640 3006 ellet,
657 2958 732 3014 quern
742 2946 874 2996 balneator

32 3014 74 3073 iis,
91 3016 135 3079 qui
145 3016 269 3070 lavarent,
286 3013 423 3063 mercedem
434 3014 499 3062 liram
511 3017 560 3063 acci
580 3030 619 3063 ere
630 3009 716 3061 soleret
744 3016 774 3059 Et
786 3012 812 3057 in
824 3008 873 3057 hoc

32 3092 90 3143 tque
100 3078 273 3143 quadrantaria
285 3082 434 3141 permutatio
445 3076 494 3133 est,
511 3032 647 3143 quadrante
658 3078 684 3125 in
701 3078 808 3139 stuprum
819 3086 877 3135 per·

32 3154 95 3190 tato.
130 3143 246 3189 Horatius
262 3146 309 3190 sat.
325 3159 344 3197 a.
363 3140 406 3188 lib.
421 3156 441 3189 1.
462 3144 587 3193 Qudnam
604 3149 687 3187 lavaro.
716 3144 806 3187 Seneca
821 3149 876 3184 rem

32 3204 190 3255 tdrantariam
208 3202 323 3252 balneum
340 3218 419 3253 vocnt.
445 3203 504 3268 epist
531 3205 573 3253 lib.
592 3219 663 3252 xrrr.
682 3200 807 3265 Iuvenalis
823 3202 874 3249 Sat.

32 3273 108 3319 calm
118 3271 212 3315 Silvano
220 3282 320 3329 porcum,
336 3272 456 3332 quadrante
468 3272 550 3319 lavari.
566 3266 747 3329 Qtinltilianus
758 3261 794 3311 lib
817 3278 874 3313 rix.

34 3368 41 3383 .
53 3342 77 3383 6.
94 3330 301 3392 quadrantariam
307 3330 514 3396 Clytemneliratn
525 3331 631 3380 aCoelio
642 3329 702 3377 dicit
712 3342 742 3391 ap
760 3327 873 3375 ellatam:

32 3396 96 3447 adut
107 3395 288 3459 clytemnestra
303 3397 383 3443 virum
400 3392 467 3442 suum
486 3400 715 3459 Agamemnonem,
741 3405 764 3439 rc
782 3390 875 3439 Metel-

32 3456 261 3509 rciodianeertlset.
279 3464 304 3507 Ρ.
318 3466 406 3507 mnne.
423 3461 592 3523 ,Quadrantem
602 3460 661 3519 dn]
672 3455 785 3523 Explicat
796 3453 875 3503 Hadr.

32 3524 78 3582 tius
96 3525 216 3576 centuria
229 3539 250 3574 t.
263 3522 361 3588 adagio
374 3538 412 3575 77·
430 3528 496 3573 etrus.

339 3588 400 3643 cte
415 3599 467 3640 tec
483 3600 514 3641 ct
530 3602 547 3639 2
779 3585 821 3633 2⁶·
838 3578 883 3629 Sti
