2332 3908
237 116 319 199 mm
543 98 804 179 'Onnrro

79 214 212 334 mol·
237 237 309 290 vos,
326 220 459 297 inquam,
478 215 603 355 imp}oro
620 228 704 296 atque
723 234 739 278 s
756 217 856 354 tlellllpr,
875 233 982 354 vosqsue
995 212 1129 350 Allgtanol

240 313 304 356 rum
318 297 426 356 obrutae
439 314 494 356 arae
546 311 675 354 actorum
710 296 784 354 ou'
827 296 925 354 omani
946 294 1019 354 ociae
1083 309 1123 351 ae-

261 372 351 443 uales,
372 390 439 451 quas
461 339 510 432 ille’
526 388 650 448 praeceps
670 313 815 441 abroditis,
834 372 909 430 caelis
926 371 1121 447 prostratisque

239 390 406 510 dodiffimrs
417 447 735 518 lucis,substruciionum
748 448 847 507 insanis
858 444 1123 524 molibusopprelse·

238 538 294 585 rat:
316 538 345 575 ⁹¹
361 527 460 586 vestrae
471 539 534 586 tum
546 526 720 594 arae,vestrae
733 525 880 601 religiones
898 525 1122 600 viguerunt,ve·

78 620 96 657 z
109 602 215 676 Latiaris
240 603 291 662 stra
302 604 345 665 vis
356 605 460 674 valuit,
479 619 565 681 quam
578 602 625 660 ille
637 603 719 660 omni
736 601 836 660 scelere
875 601 1007 660 olluerat:
1028 610 1058 647 ⁹²
1076 610 1121 657 tu·

78 681 122 719 ²¹¹⁸
131 671 216 744 33²¹*
261 697 298 738 ue
310 699 345 740 ex
356 692 409 739 tuo
422 681 499 740 edito
513 690 612 738 moute
627 693 640 723 ²
654 679 775 747 Latiari,
793 678 839 736 san
868 679 1022 753 eJupiter,
1042 676 1121 751 cujus

77 734 180 844 mg}
236 697 284 814 dle
297 772 309 802 ²
321 757 412 828 lacus,
430 773 549 816 nemora
561 753 686 831 finesque
704 755 777 831 saepe
798 756 878 813 omni
896 755 1005 813 nefario
1024 753 1120 829 stupro

77 863 156 907 tomo.
240 835 270 892 dt
280 833 382 892 scelere
393 835 558 900 macularat,
575 830 725 907 aliquando
738 831 849 890 adeum
862 830 1038 906 puniendum
1052 844 1121 888 ocu·

77 922 96 971 b
110 925 155 970 asts
164 935 221 986 ape·
237 909 280 968 los
294 913 308 955 1
321 911 473 986 aperuistis:
492 909 572 967 vobis
582 908 654 977 illae,
674 909 754 968 vobis
767 908 856 966 vestro
868 911 897 964 in
918 906 1069 983 conspediu
1081 904 1122 992 se-

78 984 154 1037 xuisti.
242 1002 297 1053 rae,
316 986 363 1046 sed
371 986 451 1062 justae
465 998 562 1045 tamen
580 986 611 1043 &
624 985 725 1043 debitae
737 983 1019 1060 poenaesolutaesunt.
1059 979 1120 1041 rufi

127 1125 133 1134 ,
150 1125 155 1134 ,
194 1045 313 1120 8⁶fortd
325 1061 382 1120 hoc
394 1065 479 1121 etiam
499 1060 677 1120 caloratum
692 1057 746 1118 elle
758 1077 771 1106 c
785 1061 927 1129 dicemus,
949 1073 981 1119 ut
991 1072 1059 1119 ante
1078 1059 1119 1135 ip·

78 1139 93 1174 ⁶
108 1124 213 1203 ,4111111115
238 1135 298 1196 sum
311 1137 456 1197 sacrarium
469 1137 557 1197 Bonae
571 1136 649 1206 deae,
668 1136 747 1213 quod
762 1137 839 1195 estin
852 1136 942 1195 fundo
955 1137 995 1196 T.
1007 1138 1023 1182 t
1036 1134 1121 1195 Sextii

78 1192 182 1300 ‹alhs'ertit
241 1213 329 1284 Galli,
349 1215 486 1292 inprimis
496 1213 604 1274 honesti
623 1215 654 1272 &
668 1214 757 1271 ornati
777 1212 971 1282 adolescentis,
991 1225 1058 1271 ante
1078 1213 1119 1289 ip-

76 1319 149 1365 ως,
239 1289 313 1359 sam,
331 1291 465 1369 inquam,
478 1291 588 1350 Bonam
602 1290 774 1360 deam,cdm
789 1290 916 1364 proelium
930 1286 1119 1357 commisisset,

125 1385 152 1428 1³.
163 1381 190 1426 u.
239 1366 440 1440 primumillud
452 1368 551 1427 vulnus
563 1383 577 1414 e
590 1368 744 1441 acceperit,
764 1385 822 1443 quo
842 1367 1023 1425 taeterrimam
1043 1382 1121 1424 mor·

76 1443 153 1491 catii
162 1439 225 1489 acci·
235 1455 295 1501 tem
308 1444 411 1503 obiret:
433 1455 465 1502 ut
482 1460 541 1502 uon
552 1443 688 1501 absolutus
696 1443 805 1518 judicio
818 1443 866 1501 illo
880 1444 989 1501 nefario
1010 1441 1120 1502 videre·

76 1516 153 1568 P‘m·
233 1530 293 1587 tur,
313 1519 360 1577 sed
372 1520 408 1578 ad
419 1520 493 1579 hanc
506 1518 641 1595 insignem
654 1536 768 1594 poenam
782 1520 940 1578 reservatus.

243 1654 246 1659 ,
272 1594 392 1654 XXXII.
411 1597 442 1655 N
448 1614 494 1655 rc
515 1615 613 1654 vano
632 1613 691 1654 non
710 1596 809 1654 eadem
834 1596 874 1653 ira
900 1597 1019 1655 deorum
1045 1595 1119 1656 hane

237 1671 295 1748 ejus
308 1672 464 1732 satellitibus
473 1673 568 1748 injecit
581 1673 750 1741 amentiam,
759 1685 791 1731 ut
802 1671 859 1730 fine
871 1673 1037 1748 imaginibus
1046 1673 1119 1743 ,stuc

75 1747 92 1800 f
103 1748 217 1802 fineotit.
235 1761 319 1807 cantu
337 1750 443 1827 fatque
463 1749 548 1817 ludis,
568 1747 625 1807 fine
645 1749 795 1882 exsepuiis,
815 1749 873 1807 fine
892 1750 1038 1819 lamentis,
1060 1748 1117 1808 fine

139 1892 145 1904 ι
234 1823 453 1896 laudationibus,
473 1825 653 1894 finesunere,
674 1826 774 1884 obitus
788 1842 886 1885 cruore
905 1828 934 1884 &
947 1826 1025 1894 lut0,
1054 1825 1071 1884 s
1086 1844 1117 1886 o·

75 1906 222 1958 geutconc.
234 1901 314 1960 liatus
334 1902 404 1960 illius
422 1903 541 1978 supremi
561 1901 617 1961 diei
637 1900 808 1973 celebritate,
829 1918 942 1977 uquam
961 1844 1120 1962 conceddre

74 1959 130 2068 th'
177 2030 203 2070 m
236 1979 321 2037 etiam
335 1979 443 2038 inimici
455 1979 559 2046 solent,
579 1977 797 2038 hambureretur
812 1978 941 2053 abjeslus.
958 1997 1019 2037 non
1039 1979 1119 2039 fuisse

126 2033 176 2070 ¹⁶¹⁶
204 2035 216 2069 ²
238 2054 323 2115 credo
342 2056 382 2113 sas
400 2055 610 2115 clarissimorum
630 2056 756 2114 virorum
777 2057 881 2115 formas
891 2056 929 2113 illi
942 2057 950 2101 i
962 2059 1117 2116 taeterrimo

73 2086 191 2198 min.
237 2132 409 2206 l‘parricidae
426 2131 528 2210 aliquid
548 2129 656 2190 decoris
676 2130 790 2205 afferre,
809 2149 902 2210 neque
922 2130 979 2191 ullo
1000 2134 1031 2191 in
1050 2133 1118 2192 loco

1068 2227 1121 2286 ΡΟ·

143 2373 154 2393 ·
235 2379 288 2420 vos,
306 2363 410 2428 inquam,
427 2364 569 2412 „Albanorum
579 2363 656 2413 obruto
666 2380 721 2422 aru,
734 2367 846 2424 fiscrorum
857 2365 934 2427 populi
948 2365 1045 2429 Quarti
1056 2364 1120 2424 socs'ae

235 2428 262 2478 ὅ*
274 2430 371 2490 aquales.
388 2425 455 2474 idem
465 2427 508 2477 lib.
522 2443 575 2476 vit.
594 2442 646 2493 cap.
659 2445 682 2477 2.
716 2430 819 2488 „Aversus
834 2444 917 2490 qusque
927 2442 941 2472 a
952 2429 1027 2485 judice
1031 2427 1116 2488 sumo,

234 2491 275 2553 qui
285 2493 368 2539 dicitur
378 2491 508 2553 Χπυςργφιὶ,
524 2497 580 2539 mire
590 2507 675 2539 movet:
687 2493 735 2550 five
747 2492 883 2551 adversarios
894 2493 1036 2536 invadimus:
1052 2492 1119 2554 Quid

196 2542 214 2585 Ψ
235 2555 294 2610 enim
308 2565 360 2602 tuus
376 2557 413 2600 illc
424 2557 503 2600 Tubero
515 2558 538 2601 in
549 2557 595 2600 acie
607 2556 732 2615 Pharsalico
744 2557 832 2617 gladius
846 2555 936 2616 agebat?
948 2554 997 2611 five
1007 2557 1036 2600 od
1051 2558 1117 2602 inva-

232 2619 337 2662 cationem
348 2619 447 2681 aliquam
457 2622 617 2666 convertimus:
637 2625 675 2667 Vos
686 2621 743 2667 mim
749 2627 799 2682 jam
817 2633 865 2679 ego,
883 2618 973 2665 ,Albani
990 2620 1074 2665 tumuli
1083 2632 1119 2666 us·

234 2696 275 2745 que
285 2682 335 2728 luci.
355 2683 380 2728 Ρ.
392 2683 490 2731 Manus.

266 2757 305 2796 91.
324 2743 396 2803 Vestro
407 2759 454 2791 tum
463 2763 519 2800 ara,
536 2744 609 2806 vestro
619 2746 752 2807 religionen]
773 2742 875 2791 Modius
888 2740 996 2793 malebat
1008 2743 1118 2807 Epistola

236 2820 294 2854 xiv.
311 2808 439 2867 veslraetum
450 2810 566 2865 reditiones.
584 2822 644 2871 ego,
661 2809 734 2855 cellro
744 2823 805 2869 tum,
821 2809 893 2867 vestra
905 2811 1032 2868 religiones:
1049 2821 1076 2857 ut
1087 2810 1120 2857 li·

235 2869 309 2919 brarii
318 2870 471 2934 repetitionis
481 2871 548 2919 illius
557 2869 681 2936 elegantid
692 2872 796 2920 minime
807 2871 872 2936 capti
887 2868 1076 2934 interposuerint
1088 2873 1121 2922 il·

235 2931 280 2980 lud
291 2952 340 2984 oro.
361 2938 430 2982 Grut.

266 3013 305 3050 92.
323 3004 398 3064 Tuque
411 3015 438 3044 ex
452 3012 488 3046 tuo
504 2999 561 3045 edito
576 3010 646 3045 monte
662 3002 751 3048 tortori
759 3033 767 3056 ,
779 3000 851 3058 fiands
867 3000 980 3062 Jupiter]
1012 2997 1123 3048 Exhibui

233 3059 376 3124 scripturum
387 3059 544 3110 Coloniensrs
556 3061 717 3124 exemplaris,
734 3077 813 3127 neque
826 3061 907 3110 abibat
917 3057 1122 3115 Werdenfis,uili

237 3124 305 3188 quod
317 3126 337 3170 is
352 3129 464 3182 Latiares,
482 3138 507 3172 ut
519 3124 628 3173 videatur
639 3124 755 3189 scriptum
766 3127 879 3190 primitus
893 3126 996 3171 Latiarei.
1016 3121 1095 3174 ldem.

235 3192 363 3250 I’erperam
375 3187 425 3235 huc
435 3189 596 3251 interpolavit
609 3193 733 3238 Gruterus.
767 3196 796 3238 ln
807 3194 874 3240 MSS.
892 3190 919 3236 iu
930 3184 1017 3249 quibus
1028 3192 1123 3238 Latiari

236 3250 340 3313 legitur,
358 3253 472 3300 ultimam
487 3252 598 3300 litteram
614 3252 645 3301 ad
661 3250 685 3302 se
700 3254 819 3317 pertraxit
830 3251 931 3317 sequens
941 3264 1005 3304 vox,
1022 3265 1075 3315 quae
1088 3253 1120 3303 ab

238 3313 324 3361 eadem
336 3315 418 3363 littera
431 3315 524 3380 incipit.
543 3320 620 3364 Mons
630 3317 675 3364 ille
688 3332 739 3365 non
750 3317 828 3365 dietus
839 3315 887 3364 fuit
898 3313 1061 3368 cassarius&
1073 3318 1120 3365 Al·

238 3378 321 3426 banus.
340 3379 434 3444 Jupiter
447 3393 505 3427 vero
517 3381 621 3429 Latiaris
632 3380 658 3427 in
668 3380 715 3429 illo
726 3381 860 3430 colebatur.
877 3375 968 3429 Erfurt.
987 3379 1013 3428 bt
1031 3383 1122 3434 Fratre.

237 3453 338 3509 uterquc
348 3455 448 3496 tuentur
459 3443 566 3506 editam,
582 3457 660 3511 quam
670 3446 697 3496 bt
707 3443 807 3498 restitui.
825 3445 936 3495 Gravius.
