2318 3914
183 120 291 203 -2460
426 133 445 143 ··
490 188 494 196 ,
539 117 785 186 ΟιΑτιο

206 221 409 282 &acerrimum
419 218 529 280 bostem
540 220 571 278 in
579 236 696 296 regnum
709 219 828 297 recepit:
836 217 885 295 qui
890 215 1091 293 coenamque
1099 260 1107 269 ..
1112 244 1130 285 ,2-

207 297 283 387 sgna
297 296 430 366 contulit,
449 297 498 374 qui
505 295 540 356 de
547 297 667 373 imperIo
681 293 762 373 paene
775 297 908 366 certavit,
926 305 1020 371 regnat
1031 293 1118 371 hoq*

168 374 171 378 ’
208 373 272 444 dre,
291 375 321 433 δι
334 373 466 433 amicitiae
479 389 587 433 nomen
606 390 639 432 ac
658 373 819 442 societatis,
837 370 917 450 quod
930 373 1012 431 armis
1022 370 1110 431 rios:

208 449 289 520 larat‚
308 450 468 527 idprecibus
479 448 694 523 cstconsecutue.
716 445 1091 526 ³²llleCypriusmiser,qui
1110 452 1114 457 '

207 527 425 602 sempersociut,
443 524 735 600 semperamr'cusfuit:
756 524 935 602 dequonulla
948 538 1090 600 umquam

208 604 324 679 suspicio
332 603 426 663 durior
432 602 669 670 autadsenatum,
687 600 775 661 autad
788 602 968 678 imperatores
981 598 1092 659 nostroe

210 679 290 739 allata
310 678 362 738 est:
384 679 463 738 vivus
485 679 528 754 (ut
548 679 638 756 ajunt)
655 676 693 737 est
712 678 741 736 &
761 677 859 736 videns
878 695 944 736 cum
963 673 1042 735 vista
1055 690 1113 741 arx-2-

210 755 310 816 vestitu
322 757 372 826 suo
385 755 544 832 publicatus.
569 755 630 826 En,
650 772 699 814 cur
712 755 796 813 ceteri
808 771 883 830 reges
896 751 1019 812 stabilem
1032 748 1092 810 efle
1109 760 1130 835 {-

211 832 289 891 suam
303 833 444 891 fortunam
463 831 641 900 arbitrentur,
659 831 725 890 eum
745 830 803 889 hoe
820 829 890 890 illius
909 826 1009 889 funesti
1022 826 1130 971 anni}

56 917 190 982 fatitpec·
211 910 225 958 s
235 907 347 985 prodito
361 905 492 982 exemplo
505 906 641 977 videant,
676 924 725 982 pet
744 907 884 966 tribunum
904 906 1026 984 aliquem
1060 904 1109 963 8⁶.

57 983 121 1032 diro.
210 985 469 1119 sengentasoperas,
489 982 758 1060 sefortunicspoinri
777 984 806 1043 &
821 1001 908 1062 regno
918 983 999 1043 omni
1011 978 1093 1059 posse
1119 1038 1130 1083 t

207 1078 247 1120 nu
267 1078 315 1118 arr.
669 1089 670 1092 =
761 1110 764 1114 ,
1117 1084 1130 1111 ,-

168 1151 208 1214 60
250 1135 385 1197 XXVIII.
403 1135 458 1194 Aa
479 1153 602 1194 aaran
617 1130 1091 1211 eonegotIoM.Catonissplendo-
1121 1130 1130 1139 '

210 1230 271 1273 rem
286 1212 424 1272 maculare
431 1212 597 1280 voluerunt,
616 1214 718 1287 ignari,
736 1212 804 1289 quid
818 1213 950 1289 gravitas,
970 1208 1037 1287 quid
1044 1211 1090 1286 in·
1123 1236 1130 1279 ,-=

25 1314 30 1325 1
118 1354 121 1361 ,
159 1323 162 1327 ·
210 1289 338 1366 tegritas,
357 1288 424 1366 quid
432 1288 707 1364 magnitudoanimi,
728 1288 795 1365 quid
808 1290 872 1349 deni
893 1305 928 1346 ue
940 1287 1025 1345 vietus
1038 1303 1092 1346 va·
1124 1326 1130 1345 2

215 1366 299 1426 leret:
319 1367 420 1444 quaein
435 1364 597 1442 tempestate
609 1365 680 1423 saeva
698 1368 791 1442 quieta
805 1365 857 1435 est,
918 1363 992 1423 lucet
1003 1363 1035 1422 in
1047 1374 1093 1423 te·

213 1442 318 1510 nebris,
339 1440 622 1518 &pulsalocomanet
635 1453 730 1500 tamen
749 1453 832 1519 atque
845 1442 931 1500 haeret
946 1441 1089 1515 inputria,
1106 1434 1130 1503 ξ’,

212 1518 335 1593 splendet
355 1536 392 1576 ue
404 1534 452 1594 per
464 1516 490 1575 se
503 1517 626 1593 semper,
645 1534 738 1595 neque
749 1518 843 1577 alienis
854 1533 990 1594 umquam
1003 1514 1094 1583 sordI·¹

213 1595 264 1654 bus
276 1536 425 1654 obsolescit.
449 1593 518 1651 Non
531 1593 569 1651 illi
582 1593 737 1653 ornandum
752 1594 795 1652 M.
810 1594 967 1662 Catonem,
985 1591 1033 1652 sed
1046 1608 1094 1650 re·
1122 1604 1130 1657 ,·

212 1671 387 1748 legandum:
407 1686 459 1729 nec
472 1670 510 1728 illi
524 1669 760 1729 committendum
771 1669 839 1729 illud
858 1675 1022 1746 negotium,
1041 1666 1104 1731 sed.
1123 1702 1130 1741 .;

211 1745 417 1824 Imponendum
431 1757 609 1822 putaverunt:
630 1747 680 1822 qui
698 1747 728 1804 in
747 1747 887 1805 conci0ne
906 1744 998 1820 palam
1012 1744 1094 1805 dixe-

213 1827 285 1893 rint,
303 1825 426 1900 ilnguam
438 1820 590 1883 seevellisse
604 1821 773 1890 M.Cat0ni,
793 1839 857 1899 quae
870 1821 977 1898 semper
990 1833 1095 1883 contra

212 1901 437 1959 extraordinarias
449 1897 595 1974 potestates
606 1898 690 1957 libera
704 1894 801 1957 suisset.
827 1899 968 1967 Sentient,
987 1909 1020 1956 ut
1031 1899 1095 1974 spe·

213 1994 265 2065 ao,
283 1978 360 2038 brevi
373 1989 520 2054 tempore,
539 1992 652 2037 manere
663 1974 817 2035 libertatem
828 1975 920 2036 illam:
939 1987 1023 2061 atque
1033 1975 1094 2036 hoc

514 2093 518 2097 ν
987 2062 1093 2123 etiam,

214 2175 362 2230 commagenae
371 2165 434 2214 olim
444 2177 490 2228 pro
499 2164 554 2212 tulit
559 2162 618 2226 geffit
629 2177 766 2214 correxerat
778 2199 786 2222 ,
808 2175 834 2214 ut
846 2166 938 2223 exejus
949 2165 1091 2224 conieaura

172 2256 180 2274 .
213 2233 335 2294 cognovi,
352 2227 767 2340 guamadoramlibriannotavit.
784 2231 858 2288 vrfin.
887 2237 1005 2294 Apertum
1019 2242 1093 2277 men·

211 2293 286 2349 dum,
301 2307 346 2341 nee
374 2290 499 2340 ubiumest
510 2291 571 2354 quin
582 2291 700 2354 Tigranes
710 2290 880 2358 fignificetur,
902 2295 968 2354 cujus
985 2306 1092 2356 compa·

165 2383 167 2387 ·
212 2358 310 2417 gerlone
321 2367 392 2421 auget
403 2353 489 2403 Clodii
501 2353 576 2402 scelus
588 2368 618 2401 ex
631 2355 757 2403 Ptolemaei
765 2355 918 2413 Iniustissima
934 2357 1087 2406 calamitate.

211 2419 247 2469 ess
258 2421 324 2468 enim
336 2430 506 2485 argumentum
517 2419 532 2466 ‘a
543 2416 639 2476 majori.
672 2415 689 2466 sr
702 2420 803 2483 Tigrani
815 2452 822 2476 ,
839 2420 939 2484 inquit,
956 2420 999 2484 qui
1012 2418 1093 2468 bostis

213 2482 262 2533 suit
273 2484 358 2547 populi
368 2484 490 2539 Romani,
508 2495 610 2546 regnum
620 2479 791 2530 conservastis:
808 2497 902 2546 quanto
915 2486 994 2550 magis
1007 2483 1093 2531 Ptole-

206 2561 292 2603 mae,
309 2547 352 2610 qui
363 2544 454 2609 semper
464 2542 555 2600 socius,
572 2546 664 2608 semper
675 2547 768 2595 amitus
778 2545 839 2603 suit,
856 2547 997 2597 conservare
1007 2545 1094 2595 debuie

214 2610 273 2665 slis?
288 2609 394 2675 postulat
405 2611 478 2673 igitur
490 2607 621 2664 sententia,
638 2621 664 2655 ut
676 2623 721 2672 pro
741 2608 875 2674 lulr‘rgeffir,
907 2627 932 2661 re
950 2624 1039 2661 onatua
1049 2613 1093 2658 Ta*-
1124 2646 1130 2653 .

209 2677 288 2786 {jaer
299 2677 381 2735 igitar,
398 2673 452 2728 vel,
470 2675 539 2734 igitur
551 2675 578 2720 is.
612 2667 782 2736 sedquoniam
794 2673 837 2721 odi
854 2627 1019 2735 conjeguras,
1035 2688 1092 2738 quae

242 2738 379 2786 litterarum
389 2733 548 2785 similitudine
558 2731 697 2792 discedunt,
713 2751 788 2800 opem
800 2750 908 2788 veterum
917 2739 1038 2789 librorum
1047 2752 1093 2787 ex·

214 2797 372 2866 spestandam
383 2800 476 2848 censeo.
495 2799 589 2862 alioqui
600 2798 663 2846 nihil
675 2798 829 2849 tentandum.
847 2807 873 2852 Ρ.
884 2807 973 2851 Manat.

251 2881 287 2918 ³2·
306 2866 347 2910 lile
359 2867 465 2926 cyprian]
482 2864 632 2912 Ptolemaeus.
651 2863 748 2911 Socium
757 2861 850 2928 semper
866 2863 936 2914 fuisse
946 2864 1020 2922 dicit,
1037 2876 1094 2916 tum
1111 2904 1119 2925 ,

213 2927 273 2991 quia
284 2929 390 2981 majores
401 2928 451 2986 eius
462 2924 524 2973 hanc
536 2925 730 2989 appellationem
742 2926 898 2977 obtinuerant
910 2929 924 2977 a
936 2934 1096 2986 senmurum

213 2992 272 3056 quia
288 2990 381 3053 semper
397 2991 481 3038 animo
499 2992 524 3039 &
543 2990 672 3037 voluntate
688 2989 766 3039 suerat
783 2990 881 3050 socius,
904 2993 961 3041 licet
980 2991 1096 3044 nondum

167 3056 168 3061 ’
212 3053 278 3103 bunc
287 3053 410 3107 honorem
420 3050 498 3101 suiffet
509 3049 657 3103 consecutus.
691 3054 867 3104 Advertevero
883 3059 959 3123 quam
977 3057 1007 3104 ad
1020 3055 1097 3105 mise·

211 3118 337 3168 rationem
348 3116 496 3171 concinnata
507 3114 536 3164 srt
548 3117 637 3165 oratio.
655 3121 715 3166 Non
728 3132 830 3183 regnum
842 3120 891 3178 ait,
904 3119 944 3169 sed
956 3119 1024 3185 quod
1036 3135 1095 3194 gra·

211 3183 266 3230 vius
277 3181 324 3239 eil,
340 3184 436 3246 Regem
446 3177 523 3243 Ipsum
534 3191 653 3243 tanquam
664 3180 714 3229 vile
731 3183 881 3246 mancipium
897 3180 966 3233 fuisse
982 3183 1095 3249 publica·

211 3257 273 3294 tum.
309 3244 384 3294 Addit
396 3242 420 3292 id
432 3245 489 3292 viro
501 3245 526 3292 δι
537 3242 632 3291 videnti
643 3242 785 3308 contigisse,
802 3246 870 3312 quod
881 3247 914 3296 est
931 3247 1007 3312 longe
1019 3247 1095 3296 mise-

210 3306 320 3359 rabilius.
338 3312 403 3357 Cum
416 3304 470 3363 suo,
487 3305 580 3380 inquit,
598 3306 662 3355 vitiu
674 3306 699 3355 δι
711 3307 811 3366 vestitu,
828 3325 880 3358 non
891 3326 947 3358 cum
959 3309 1000 3359 suo
1012 3325 1092 3375 regno

214 3375 240 3423 δι
252 3372 339 3436 gazis,
359 3369 425 3436 quafi
436 3371 499 3419 nihil
511 3383 533 3418 er
551 3369 664 3434 deinceps
680 3369 711 3418 ad
727 3374 978 3427 viramuorerandam
992 3375 1095 3425 nudita·
1111 3412 1114 3417 ,

214 3449 316 3502 temque
325 3433 459 3502 tegendam
470 3432 647 3501 supersuturam
658 3430 727 3484 esset:
743 3439 844 3494 Abram,
942 3450 945 3455 ·

1011 3518 1050 3561 ³³·
1070 3508 1100 3555 Se
