2318 3914
225 162 311 226 2500
546 148 795 215 Ouarro

225 249 313 326 loque
320 252 453 313 Romano
461 253 641 314 commiserit.
659 253 719 330 lpse
730 250 777 311 ille
791 250 915 313 maximi
926 250 1032 323 ludius,
1048 266 1113 313 non
1149 228 1151 239 ⁵

221 324 315 385 solum
322 328 474 404 spectator,
492 332 539 390 sed
552 332 631 391 asior
644 331 675 388 &
691 330 872 389 ιοιιιιοιιιιιιι
891 331 941 408 qui
955 331 1051 389 omnia
1063 330 1111 389 so·
1147 345 1151 357 ·

227 403 296 463 roris
312 416 339 452 ²⁹
350 405 472 466 embolia
484 410 582 468 novit:
602 407 652 485 qui
662 406 809 465 incoetum
823 405 973 467 mulierum
985 406 1113 543 propffli

232 660 235 665 .
261 630 299 671 28.
317 628 455 684 ¹Acraeam]
470 626 608 675 Recitator.
625 623 715 674 cicero
725 623 752 672 in
764 628 878 674 Verrem:
894 620 1111 689 iveramus-‚in-

230 685 299 748 quit,
311 687 420 747 festivum
430 705 531 736 arram
541 689 552 736 e*
562 693 666 737 convivio
673 690 720 747 fine
734 692 847 737 corollario
858 689 990 749 diseederet:
1013 684 1109 735 accedit

230 749 388 799 Macrobius:
406 753 472 811 eujus
483 751 532 800 hac
543 751 596 801 sunt
606 753 650 802 lib.
662 756 695 801 11.
707 754 801 802 saturn.
824 754 947 800 Delenitus
957 754 1016 799 inter
1026 766 1109 799 cm
1144 766 1151 781 ¹

126 858 130 867 ,
227 825 276 860 erat
287 814 402 877 Augustus
414 818 490 878 pueris
498 818 655 879 symphoniacis
665 820 759 864 Taronii
768 818 840 864 Flacci
855 817 980 877 mangonis,
995 827 1061 880 atqu
1074 829 1109 861 ιιι

223 877 336 935 frumento
351 879 482 934 donauerat,
498 895 547 925 cum
563 882 587 925 in
602 883 651 927 alia
665 893 788 927 motam
798 879 877 940 futfftt
890 880 989 926 liberalis
1002 878 1109 927 nume.

228 943 261 987 Et
273 940 401 989 Suetonius
411 942 442 988 in'
450 935 609 1005 vespafiano:
624 955 700 990 vetera
708 956 833 991 acroma
842 945 964 991 revocavit.
985 944 1021 989 Ut
1030 940 1110 991 omit·

227 1013 313 1051 tantur
322 1003 429 1052 aliorum
438 1004 587 1054 testimonia.
604 1004 687 1061 alibi,
702 1022 803 1055 aarum
813 1005 889 1053 etiam
900 1019 945 1069 pro
954 1001 1108 1071 ipsamque

227 1067 357 1125 recitatur,
373 1066 480 1132 usurpari
489 1067 614 1116 videmus:
631 1081 657 1117 ut
669 1068 696 1115 in
707 1080 769 1117 orat.
782 1082 828 1133 pro
839 1067 942 1117 Archia:
959 1082 1013 1143 qua
1023 1066 1059 1117 est
1069 1070 1108 1131 ju·

227 1126 309 1177 cunda
324 1133 433 1179 narratio
454 1133 480 1180 δι
497 1132 640 1188 cantilena,
667 1132 694 1181 δι
711 1130 831 1196 quidquid
847 1146 910 1188 eor,
931 1146 975 1197 qut
991 1131 1108 1192 audiunt,

226 1191 344 1244 oblesiat.
361 1199 393 1243 Et
404 1194 548 1243 Aristoteles
558 1193 703 1244 Etbicotum
713 1195 757 1246 lib.
768 1200 799 1245 x.
811 1209 864 1260 que
875 1195 959 1244 auditu
976 1197 1002 1245 de
1013 1192 1109 1261 spodia-
1149 1234 1151 1245 .

186 1296 196 1313 .
226 1268 255 1304 tu
267 1255 450 1317 iucundasunt,
465 1257 626 1319 masopane*
639 1257 846 1320 dffpueavoeae.
872 1256 1106 1311 ‘rrinuirlriecie'e-
1149 1292 1151 1297 ·

227 1335 257 1368 ro
269 1336 356 1371 omnes
383 1335 446 1371 artes
458 1322 552 1371 Clodio
564 1355 572 1379 ,
594 1336 647 1387 qua
658 1323 685 1369 in
695 1320 807 1371 fabularn
817 1324 967 1371 conveniunt
979 1338 987 1371 t
1008 1322 1105 1383 ludius,

227 1384 256 1433 in
276 1386 330 1443 uit,
352 1337 386 1434 esi
402 1382 542 1449 spestatot,
564 1385 651 1442 albor,
673 1386 808 1435 recitator:
824 1389 896 1434 novit
914 1386 1000 1435 omnia
1017 1385 1108 1437 sororia

225 1460 267 1498 ern
285 1451 350 1498 olia:
367 1449 494 1497 adducitur
504 1462 549 1513 pro
560 1448 659 1515 psaltria
668 1449 695 1496 in
707 1461 794 1498 catum
805 1449 935 1498 mulierum
947 1465 954 1497 ι
971 1462 1058 1499 tamen
1067 1452 1107 1501 lu·

224 1510 272 1560 dos
283 1525 340 1561 tuos
352 1510 473 1576 adspicere
484 1511 574 1562 noluit.
592 1511 637 1560 Sed
649 1513 779 1578 quaritur,
796 1512 883 1625 apebat
895 1528 927 1561 ne
937 1512 1106 1572 Clodium

224 1577 343 1625 recitabat
354 1574 488 1624 fabulatio
500 1576 589 1624 scena?
613 1579 673 1624 Non
685 1576 733 1624 boc
744 1590 801 1625 vere
821 1577 885 1625 entit
897 1577 1000 1636 cicero,
1016 1577 1058 1629 sed
1068 1580 1108 1640 lo·

225 1652 296 1689 catur
305 1643 332 1689 in
343 1638 446 1704 psaltria
457 1637 564 1696 vellem,
580 1653 655 1703 quarn
667 1640 771 1689 Clodius
782 1639 909 1696 induerat,
924 1651 952 1688 ut
967 1640 1119 1695 universam.

226 1704 295 1767 quast
307 1702 417 1754 fabulam
429 1716 567 1769 perageret,
584 1702 631 1752 boc
643 1702 690 1760 est,
699 1704 816 1769 Pompeia
826 1707 856 1752 C.
865 1702 965 1753 casaris
977 1718 1105 1775 uxotepo·

223 1770 317 1819 tiretur.
336 1775 363 1818 P.
370 1775 461 1819 Manat.

259 1850 298 1887 29.
316 1835 437 1891 Embolim]
452 1829 517 1896 Quid
529 1829 558 1879 lit
570 1829 707 1879 embolium
718 1845 770 1878 non
780 1828 855 1879 facile
866 1830 980 1881 dixerim.
1002 1830 1046 1883 sus
1056 1833 1105 1887 leot

226 1894 276 1945 else
286 1896 401 1946 introitus
413 1899 439 1945 δι
450 1896 551 1953 januae,
568 1892 655 1960 quibus
667 1893 699 1941 ad
709 1892 862 1958 proscenium
874 1890 1000 1944 transeunt
1010 1910 1025 1945 a
1067 1912 1103 1949 rea

227 1974 284 2009 cum
295 1960 318 2009 se
330 1961 417 2009 volunt
429 1957 476 2006 suis
487 1958 661 2023 spestatoribus
672 1956 794 2007 exhibere.
812 1958 843 2006 ab
851 1955 1103 2026 iussunmqnodefi
1124 1996 1128 2011 .

133 2060 136 2064 -
225 2026 328 2074 introire.
362 2023 407 2071 vel
419 2022 528 2071 dicamus
540 2021 659 2071 Clodiam
675 2017 758 2078 suiffe,
775 2022 848 2070 utait
863 2035 909 2085 pro
925 2022 1028 2082 Coelio,
1043 2026 1104 2091 poe·

227 2089 316 2144 triam,
334 2102 386 2151 qua
396 2085 527 2150 impudicis
537 2085 646 2134 motibus
657 2082 811 2144 occafiomm
817 2084 915 2197 p'opulo
926 2087 1105 2139 multarumdt·

228 2152 292 2201 derit
304 2149 448 2199 fabularum.
486 2161 570 2196 uarum
578 2148 716 2198 fabularum
726 2149 815 2198 interlu
835 2149 858 2197 'a
868 2148 1105 2213 perspeuababnern

229 2213 336 2267 clodius
348 2226 386 2261 tur
404 2213 411 2258 i
422 2163 554 2259 libisinum
565 2213 723 2260 commercio.
741 2213 782 2261 Est
793 2214 861 2260 enim
872 2211 1106 2281 emboliuminpo'c'·

228 2290 297 2328 mate
307 2276 375 2340 digre
394 2291 421 2324 ro
433 2274 545 2339 quadam
555 2273 688 2333 interiesta
707 2274 1048 2338 videadquinrumhatrern
1057 2280 1120 2345 epi·

227 2342 293 2391 llola
305 2355 325 2388 1.
338 2340 393 2388 libri
406 2343 447 2388 111.
468 2338 534 2386 Hinc
545 2337 608 2402 apud
621 2338 741 2394 Plinium,
757 2343 837 2386 mulier
851 2342 988 2397 embolum,
1004 2342 1104 2405 ἐθυμι-

225 2405 293 2460 auul,
310 2416 336 2451 ut
349 2415 420 2451 norat
432 2402 545 2465 scaliger.
563 2405 663 2449 Abram.
689 2403 767 2450 Reile
779 2403 1105 2467 Scaligeremboliarr'mm·
1126 2414 1129 2419 '

225 2473 303 2519 lierem
314 2466 457 2527 θνμιλικιὶι,
472 2462 512 2512 seu
524 2464 651 2513 scenicam.
670 2465 707 2512 Sic
717 2464 786 2513 didiae
797 2465 851 2515 suut
863 2466 893 2514 ab
903 2465 1026 2521 incontra.
1039 2468 1106 2529 spess-

226 2547 269 2581 λιιι
285 2542 368 2578 autem
383 2531 409 2577 in
426 2527 516 2578 fabulis
532 2525 632 2577 scenicis
649 2527 735 2576 eadem
751 2527 819 2586 sunt,
835 2544 888 2595 qua
905 2530 978 2579 aliter
993 2530 1107 2585 dicuntnr
1131 2564 1142 2573 -

226 2592 347 2652 iniussae,
362 2604 388 2641 ut
401 2593 465 2641 redte
476 2591 559 2640 docuit
570 2592 693 2641 maximus
707 2592 836 2641 salmasius
846 2593 878 2641 ad
889 2592 949 2642 urit
962 2596 1106 2660 Augustum.

228 2659 332 2710 scenica
343 2657 458 2706 mulieres
468 2670 511 2704 cor
528 2671 554 2703 us
565 2653 750 2719 prostituebant.
783 2656 869 2705 Clodii
884 2655 955 2705 soror
969 2656 993 2706 se
1008 2672 1108 2727 quoqne
1143 2702 1146 2707 .

249 2670 619 2775 institueratnonmosoaliis,
637 2716 803 2770 sed&fratri.
837 2721 903 2768 ilinc
919 2720 1005 2770 acerbe
1020 2721 1108 2779 dicitnr
1149 2774 1151 2781 ,

228 2739 308 2836 stater
318 2788 370 2844 einr
384 2784 482 2845 'epicinia
497 2784 584 2831 omnia
601 2780 681 2837 nosse,
703 2781 762 2830 ficut
778 2783 798 2830 ii
814 2780 961 2832 scenicarum
976 2786 1109 2839 mulierum
1127 2806 1151 2825 -ι

228 2848 329 2905 incluta
343 2848 394 2896 fere
406 2857 510 2903 norant,
528 2847 570 2909 qui
582 2860 638 2894 cum
649 2845 700 2894 illis
710 2843 770 2909 sape
781 2848 933 2896 consuerant.
950 2848 1036 2901 Nicol.
1047 2852 1110 2901 Ale·

230 2924 337 2961 mannus
349 2910 379 2959 ad
391 2912 467 2958 l’roco
486 2909 624 2958 ‚Histrum
636 2908 768 2972 legendum
779 2922 849 2975 potat
860 2909 923 2973 apud
940 2912 1003 2961 alin.
1015 2915 1041 2963 δι
1053 2920 1108 2965 En·

227 2978 344 3038 pultarias.
367 2971 398 3032 stc
419 2987 448 3020 ue
477 2972 536 3021 iilos
546 2984 616 3035 putat
628 2975 658 3020 ab
673 2971 790 3034 insitire,
806 2973 854 3021 hoc
865 2972 898 3022 est
943 2972 1063 3037 rricibut,
1082 2980 1109 3031 in

228 3037 318 3103 quibus
327 2987 483 3110 prodibant,
499 3032 558 3083 ficut
565 3035 692 3094 fornicaria
702 3035 771 3086 dista
781 3034 898 3086 fuerima
921 3036 1052 3091 ornioibur.
1063 3040 1113 3093 sd

229 3103 295 3151 reste
310 3115 347 3149 ιιι
363 3100 405 3149 el.
418 3099 557 3148 narduinus
573 3096 605 3146 ad
623 3099 729 3149 Plinium
745 3097 901 3157 observavit,
921 3100 1111 3163 instantium

229 3165 336 3213 notione
346 3163 487 3212 recentioris
499 3163 596 3211 Gracia
608 3162 655 3219 esi,
672 3177 747 3227 quem
757 3162 812 3210 uide
823 3163 855 3212 ad
865 3163 909 3213 lib.
917 3170 1016 3227 vll.4a.
1027 3168 1111 3219 intro-

231 3228 265 3275 tis
276 3229 302 3276 &
312 3226 410 3276 emend.
422 3242 489 3276 num.
499 3241 553 3274 122.
570 3225 611 3274 ubi
621 3237 706 3274 tamen
716 3227 812 3274 nollem
823 3227 941 3276 salmasio
951 3230 1111 3295 exprobrari.

231 3290 300 3353 quod
312 3290 341 3338 ad
354 3291 486 3339 Historiam
492 3288 625 3355 Augustam
635 3290 748 3338 maluerit
758 3289 808 3355 legi
819 3291 883 3355 apud
890 3292 950 3340 l’liu.
957 3298 1108 3357 conpulerint,

231 3368 288 3401 cum
300 3352 380 3401 statim
391 3356 418 3403 in
429 3355 476 3402 illo
487 3350 539 3418 ipso
550 3353 608 3401 loco
619 3349 685 3401 suam
695 3350 745 3416 ipse
755 3353 857 3403 damnet
873 3354 1035 3418 sententiam,
1050 3360 1109 3411 reti-

230 3415 388 3481 tuendamque
398 3415 493 3467 censeat
508 3417 659 3465 emboliaria»
669 3450 678 3476 ‚
689 3431 742 3482 qua
758 3415 790 3464 stc
807 3432 837 3483 ap
855 3420 931 3467 ellata
945 3419 977 3469 fit
993 3420 1025 3471 ab
1045 3422 1052 3437 ⁸

105 3484 113 3521 '-
230 3484 296 3536 alure.
327 3432 877 3550 Quinuperlnco‘uutetttuaubiguesse
891 3480 1107 3607 “tfflssffl‘ffi

1033 3620 1054 3651 l·
