2318 3914
236 161 319 228 2474
452 146 479 198 ’θ
559 152 808 219 Oitnrto

72 261 84 310 ι
101 257 223 325 nihilque
236 260 267 298 ²⁰
275 254 282 296 ¹
290 251 368 310 Nihil
380 262 544 329 nequeunte
556 253 613 317 hoc
626 264 752 331 tempus,
771 266 865 329 neque
878 249 936 311 hoc
949 246 1009 330 ipso
1018 250 1118 312 turbu}
1148 261 1156 267 ·

72 326 126 375 alti.
233 324 436 388 lentiffimudie
449 331 806 390 menminamintSextium.

73 384 202 501 wlff·
254 400 257 405 ’
273 404 407 465 XXXVI.
424 406 555 477 Arnon
568 409 651 467 visin
665 408 730 466 foro
743 404 899 464 versataest.
915 364 1012 464 'Certe
1022 422 1127 483 quan..

74 513 124 564 effe
134 515 161 562 iu
173 517 196 564 s·
235 479 274 539 do
288 483 365 540 enim
378 482 490 558 major?
509 484 691 560 lapidationes
703 483 823 560 persaepe
842 482 979 542 vidimus:
999 483 1116 541 nonita

74 593 116 627 aar
126 578 218 627 cumi.
235 557 323 633 saepe,
342 558 387 618 sed
395 560 514 619 nimium
521 560 695 637 tamensaepe
706 559 826 637 gladios:
846 557 955 618 caedem
969 557 1041 617 veto
1053 570 1118 617 tau·
1155 588 1158 593 ·

75 640 188 690 nandum
235 642 313 704 tam,
332 646 424 695 tantos
436 654 552 697 acervos
566 652 717 713 corporum
732 635 896 703 emrtuos,
915 634 967 693 nifi
980 632 1056 694 forte
1066 634 1118 695 illo

75 704 210 756 ‘ff08·⁴²⁸'⁸‘·
237 710 369 770 Cinnano
387 725 470 790 atque
492 714 737 782 oetavtauodie,
766 714 828 790 quis
847 728 986 788 umquam
1006 712 1129 773 insono.

236 786 327 845 uidit?
345 787 400 865 qui
406 807 440 847 ex
446 794 657 849 concertatione
663 786 845 849 animorum?
864 806 930 846 nam
944 805 980 847 ex
994 790 1119 864 pertina-

240 862 283 923 cii
306 877 354 923 aut
373 866 524 924 constantii
542 866 723 926 intercelloria
735 864 906 941 oritursaepe
918 864 1038 934 seditio,
1057 862 1119 923 cul-

238 939 374 1016 piatque
394 942 572 1016 improbitate
592 944 701 1011 latoris,
722 941 882 1001 commodo
894 940 990 1017 aliquo
1002 940 1120 1018 imperi·
1154 971 1159 982 ι

238 1018 273 1074 tis
291 1031 338 1075 aut
351 1017 497 1092 largitione
510 1018 663 1094 propositi:
684 1019 772 1078 oritur
778 1036 813 1076 ex
827 1019 1042 1077 concertatione
1057 1036 1120 1077 mn·

236 1092 412 1168 gistratuum:
433 1094 937 1170 oritursenlrmexclamoreprimum:
956 1093 1119 1155 deludent,
1154 1124 1158 1131 ·

236 1186 294 1245 qua
307 1169 466 1229 disccflione
480 1173 648 1231 concionis:
681 1174 728 1230 vix
753 1171 814 1229 sero
841 1172 870 1229 ὅ(
891 1169 953 1228 raro
968 1171 1005 1229 ad
1019 1188 1119 1231 manus
1146 1210 1151 1217 -

78 1254 96 1292 ¹¹
112 1238 188 1284 Lami.
237 1248 412 1321 pervenitur:
433 1248 509 1307 nullo
522 1249 591 1308 vero
605 1249 692 1307 verbo
705 1248 781 1307 fatto
796 1289 805 1315 ,
824 1246 898 1305 nulli
912 1249 1053 1307 concione
1067 1248 1118 1307 ad-

78 1301 221 1419 faffffiss'
239 1322 356 1393 vocati,
375 1323 448 1382 nulli
461 1325 521 1400 lege
534 1324 671 1384 urecitata
684 1326 854 1391 concitatam
868 1323 1037 1425 noduruam
1049 1323 1121 1385 ledi·

79 1431 162 1474 „m
239 1399 547 1476 tiuncmquisaudivit?

194 1488 229 1561 78
280 1476 350 1535 ⁰An
356 1476 503 1537 verisimile
515 1478 570 1549 est,
583 1489 615 1539 ut
628 1480 696 1537 civit
709 1479 873 1548 Romanus,
887 1486 935 1536 aut
946 1476 1040 1538 homo
1051 1476 1123 1539 libet

77 1581 95 1614 o
111 1580 153 1614 tres
164 1569 225 1633 seqq.
599 1582 602 1589 ·
833 1602 836 1608 -
1049 1554 1125 1633 quis·

75 1634 206 1680 vocrsidem
227 1650 230 1655 ·
1118 1662 1121 1667 ·
1155 1646 1158 1653 '

76 1696 139 1743 delet.
236 1693 382 1751 collectam,
399 1696 443 1760 qui
452 1706 506 1743 tum
518 1696 543 1744 δι
554 1695 663 1759 privatus
674 1695 798 1753 cranium
809 1692 921 1760 depofiro
931 1694 1121 1760 tribunatuple·

172 1804 174 1809 .
236 1756 289 1813 uis,
306 1758 418 1807 nondum
430 1771 528 1823 accepta
539 1758 654 1807 aedilitare
666 1760 755 1815 curuli,
773 1761 798 1808 δι
812 1758 842 1806 ad
859 1758 957 1823 plebem
973 1757 1120 1817 (aulierat,

240 1819 371 1884 adoptatus
382 1824 397 1870 i
407 1825 526 1882 Fonteio,
543 1820 583 1870 sed
593 1822 623 1870 ab
637 1824 719 1886 Appio
735 1822 829 1869 Clodio
845 1821 918 1886 iplius
929 1820 1020 1880 fratre,
1037 1824 1081 1889 qui
1093 1824 1121 1875 dt

258 1885 354 1932 orricius
364 1897 429 1943 erat,
447 1888 472 1935 &
483 1899 536 1934 tum
548 1898 676 1950 praeruram
686 1885 798 1950 gerebat,
815 1884 1013 1936 commodatam.
1037 1894 1121 1953 Atque
1132 1884 1136 1891 '

230 1898 267 1996 'id
277 1947 379 2013 quidem
390 1964 473 1998 verum
483 1949 538 2000 fuir.
556 1964 608 1998 uon
619 1946 698 1997 afferir
709 1962 794 1997 tamen
806 1947 952 2006 Orator‚sed
962 1964 994 1997 ex
1006 1964 1122 2000 cominu·
1134 1976 1137 1981 ·

237 2012 267 2060 ni
277 2014 397 2076 opinione
407 2014 494 2069 refert,
511 2013 551 2061 vel
562 2012 629 2079 quod
639 2027 726 2076 parum
735 2014 841 2069 attineat
852 2013 883 2060 ad
894 2010 1000 2062 caussam
1011 2015 1046 2062 rei
1058 2014 1122 2063 veri·

235 2087 315 2123 ratem
324 2076 587 2188 inquirereaelfluod
598 2073 760 2125 offensionem
770 2074 869 2125 Metelli
880 2077 987 2140 Nepotis
999 2090 1124 2145 vereatur..
1147 2090 1150 2099 ·

236 2142 324 2201 Nepos
340 2142 421 2197 enim,
432 2139 475 2189 etfi
487 2144 509 2188 C
535 2140 605 2188 endis
618 2140 739 2203 Januariis
757 2140 783 2187 in
800 2142 907 2205 gratiam
923 2154 979 2187 cum
997 2141 1120 2189 Cicerone

237 2202 335 2250 ablenre
346 2203 463 2259 redierat,
480 2203 591 2251 noudum
602 2216 687 2251 tamen
698 2204 712 2250 ὲ
725 2203 819 2252 Clodio
830 2202 905 2252 fratre
920 2204 955 2251 ita
966 2203 1118 2261 distefferat,

236 2276 266 2313 nt
277 2280 329 2312 non
341 2265 367 2313 in
379 2267 465 2315 multia
481 2269 531 2325 ejus
548 2265 676 2315 sceleribus
693 2270 842 2315 conniveret.
875 2281 900 2316 ut
913 2267 996 2316 videre
1012 2266 1118 2333 estapnd
1145 2274 1152 2309 '-

236 2329 349 2378 Dionem
359 2329 424 2378 libro
435 2334 519 2379 XLIX.
533 2332 559 2380 δι
571 2329 644 2379 infra.
673 2335 725 2377 Ecce
734 2334 777 2378 ribi
788 2332 863 2390 consul
874 2366 881 2388 ,
901 2339 994 2389 Prator,
1012 2336 1119 2381 Trr'innnr
1145 2375 1159 2388 ,,

234 2395 303 2458 plebis
313 2397 369 2439 noni
373 2399 458 2456 generis
468 2398 538 2442 ediiia
548 2406 680 2458 proponunt,
695 2412 722 2441 ne
737 2412 785 2442 reus
796 2394 864 2452 ndfit,
876 2414 901 2442 ne
912 2399 1000 2444 citetur,
1019 2396 1119 2447 Abram.
1140 2420 1148 2457 t

271 2471 310 2511 70.
328 2460 394 2504 Nihil
402 2475 469 2523 neque
478 2473 527 2505 ante
536 2462 573 2504 hoc
581 2472 678 2522 tempus,
693 2474 760 2522 neque
775 2463 811 2505 hnc
828 2458 869 2520 ipso
885 2460 1063 2522 turbulenttffimo
1072 2463 1119 2517 die,
1131 2478 1159 2519 t¹

237 2523 400 2568 criminationis
409 2524 447 2583 effe
458 2525 481 2568 in
492 2522 606 2581 Sestium]
622 2521 708 2569 Veneti
719 2523 869 2570 criminamini
874 2523 975 2581 Sestium.
995 2529 1118 2574 Camerti.
1132 2548 1145 2588 η

238 2586 306 2632 Nihil
314 2600 380 2647 neque
391 2600 441 2633 ante
450 2590 488 2631 hoc
498 2599 593 2647 tempus,
604 2602 671 2651 neque
680 2589 718 2631 hoc
728 2587 771 2647 ipso
782 2585 958 2646 rnrinlenriffimo
968 2588 1006 2633 die
1015 2592 1120 2635 trinina-
1131 2588 1135 2597 '

238 2650 429 2706 wintomiam]
444 2646 516 2696 Unde
527 2647 638 2712 profedia
649 2646 678 2695 srt
689 2648 740 2696 hac
750 2647 879 2712 scriptura,
891 2651 982 2713 ignoro
993 2648 1059 2700 sane.
1072 2649 1121 2699 l‘ri·
1136 2670 1145 2715 'l

240 2725 361 2759 muscam
373 2714 398 2762 δι
410 2711 474 2761 solus
486 2712 580 2761 invexit
591 2712 740 2768 Lambinus,
756 2714 826 2759 nulla
836 2724 921 2761 tamen
932 2714 960 2761 in
971 2712 1118 2763 Notinfasta
1135 2724 1158 2781 ξ,-

239 2775 382 2831 mentione,
399 2775 463 2824 unde
473 2775 545 2824 illam
556 2775 668 2824 hauserit.
691 2780 754 2823 Eum
764 2773 856 2824 securus
868 2778 916 2833 est,
935 2776 1005 2842 quod
1016 2780 1119 2835 mirum,

240 2852 297 2885 eum
308 2838 322 2884 d
334 2840 405 2886 nullo
416 2839 532 2888 libentius
544 2840 570 2888 δι
583 2837 688 2888 crebrius
698 2836 822 2889 diffenriat
834 2853 886 2888 non
904 2841 973 2906 gravi
989 2841 1084 2907 iempet
1092 2840 1159 2898 del

240 2900 309 2948 eausa
321 2904 445 2953 Gruterus.
464 2907 532 2951 MSS.
545 2917 608 2967 quos
619 2901 728 2957 vidi‚ed
735 2903 807 2967 prim.
816 2903 842 2951 δι
853 2916 937 2952 cetera
950 2906 1120 2962 omnet,viil.
1140 2914 1159 2954 ·.

241 2967 272 3013 C.
285 2965 366 3028 Steph.
381 2970 479 3016 Manur.
496 2970 595 3031 nihilque
606 2986 630 3013 nr
681 2981 731 3013 ante
740 2971 777 3013 inc
787 2981 882 3030 tempus,
898 2986 965 3033 neque
974 2973 1011 3015 inc
1022 2972 1065 3035 ipso
1074 2983 1122 3017 tur·

239 3030 377 3091 inientiffimo
388 3032 425 3076 die
434 3032 594 3077 criminationis
609 2984 689 3091 effluit»
699 3032 807 3081 Sextium.
841 3030 942 3080 Abram.
961 3030 1000 3081 ed.
1025 3036 1084 3081 nibil
1097 3050 1121 3081 ne
1138 3054 1159 3092 '-

240 3109 308 3156 neque
318 3106 367 3140 ante
378 3096 415 3141 hoc
424 3102 520 3158 tempus',
536 3111 602 3158 neque
612 3097 650 3141 hoc
666 3095 709 3159 ipso
724 3094 899 3155 turbulentt'ffimo
915 3099 952 3143 die
962 3099 1071 3144 criminun
1086 3112 1122 3144 nnn
1134 3130 1146 3166 ,Ι

241 3159 352 3206 Sextium.
371 3158 416 3205 Sed
428 3172 470 3205 cur
480 3156 620 3206 recedamus
632 3157 646 3208 e
656 3170 766 3206 ueterum
778 3158 898 3209 librorum
910 3160 1040 3211 lestionei
1055 3164 1121 3209 Num
1141 3184 1144 3189 ·

243 3217 348 3267 offendit
360 3233 428 3269 aures
440 3220 555 3273 Lambini
566 3224 692 3268 criminatio
704 3225 728 3269 in
745 3226 872 3272 Sextium?
905 3229 958 3272 cut
972 3222 1014 3272 hic
1029 3238 1071 3273 ma
1089 3224 1122 3281 ἐ,

243 3296 318 3347 quam
330 3284 441 3332 incertia
452 3285 653 3334 contraRullum
666 3299 718 3348 cap.
728 3300 749 3334 r.
782 3289 909 3352 Numquid
923 3287 952 3347 est
968 3290 1047 3349 candi,
1088 3290 1125 3335 αι’·
1141 3310 1144 3321 ·

242 3349 296 3394 riter
302 3379 311 3402 ‚
326 3350 380 3411 quin
392 3349 435 3395 illa
443 3352 610 3406 criminatione,
626 3365 671 3414 qua
681 3352 705 3396 in
716 3365 751 3395 me
760 3353 865 3413 absentem
876 3353 926 3410 usus
936 3350 964 3411 est
976 3384 985 3408 ,
1007 3370 1047 3399 non
1053 3354 1125 3413 solutu
1136 3356 1146 3419 ἰ

241 3426 325 3463 man,
338 3412 452 3469 sedetiam
463 3413 556 3472 vestram
566 3415 705 3473 dilirnniam
718 3416 897 3477 prudentiamque
912 3416 1054 3479 despexerit?
1075 3418 1124 3464 Re·
1148 3467 1159 3474 ,

242 3470 313 3540 posui
322 3473 398 3538 igitur
407 3474 535 3541 pristinam
547 3477 662 3529 omnium
673 3474 792 3550 librorum
803 3478 948 3544 lediionem.¹
965 3482 1045 3529 θην.
1101 3546 1106 3555 Ι
1141 3477 1159 3553 f

766 3570 769 3575 “
1006 3558 1046 3605 ⁷¹0
1063 3550 1126 3611 Rq!
