2318 3914
223 100 310 167 Peto
328 93 373 161 T.
394 90 536 163 Assio
556 100 750 171 Minores.
849 102 929 187 2841

38 196 320 273 lescenteellponio
343 192 462 254 dicam?
482 211 606 270 quorum
626 199 736 277 utrique
751 212 875 261 mortem
896 198 1090 267 estelpronlo,

43 277 210 346 minitatus,
228 274 279 334 nili
292 272 339 331 fibi
349 272 498 329 honorum
511 271 676 347 polleffione
689 274 814 354 celliffet)
823 276 870 337 sed
883 278 984 343 ωαχ
997 274 1096 333 Apono

39 354 89 415 sus
107 352 150 411 est
167 352 300 411 Furfanio
320 347 430 417 dicere,
449 344 469 405 fi
488 344 537 405 libi
548 354 716 425 pecuniam,
734 364 869 427 quautam
936 330 994 397 ⁴²¹⁸·-

38 428 192 509 posceret,
210 445 271 487 non
284 423 414 511 dediffet,
423 435 580 509 'mortuum
594 427 621 486 se
631 431 662 487 io
673 429 795 489 domum
807 430 866 505 ejus
878 372 938 491 iili:

39 520 162 567 tumme
182 504 237 582 qui
255 500 362 561 insidii
381 501 446 559 burc
464 498 530 559 ellet
547 504 595 561 tali
615 506 678 564 viro
691 505 935 581 conflagrandum:

67 583 100 643 ui
113 582 242 675 Appium
255 582 386 646 fratrem,
403 577 551 635 hominem
571 581 642 639 mihi
661 582 845 657 conjunctum
860 594 890 632 τ’
904 583 938 642 fi-

43 602 161 719 iiffima
173 655 275 735 gratii,
294 652 434 713 absentem
449 652 485 711 de
496 652 660 730 pollellione
672 658 751 717 fundi
763 658 879 734 dejecit:
887 662 938 735 qui

44 738 188 815 parietem
207 734 244 793 stc
264 749 313 808 per
329 729 492 789 vestibulum
512 730 611 791 sororis
628 734 742 793 instituit
760 734 878 805 ducere,
898 738 937 795 lic

46 828 135 889 agere
148 812 347 876 fundamenta,
366 807 535 891 utloroteut
547 826 608 868 non
626 810 716 869 modo
734 810 869 871 vestibulo
881 816 938 889 pri·

46 900 149 957 vetet,
168 888 216 947 sed
229 887 310 946 omui
322 886 350 921 ⁸⁰
364 882 488 943 aditu&
497 883 605 945 limine.
988 906 991 911 ·

88 964 228 1025 XXVIII.
246 965 301 1037 Qu
313 978 469 1029 indutu
488 962 551 1019 baec
571 961 687 1039 quidem
706 962 765 1037 iam
783 958 980 1031 tolerabilia76

46 1040 235 1103 ridebantur:
254 1037 302 1097 etli
313 1039 327 1083 t
337 1038 506 1113 aequabiliter
517 1039 547 1095 iu
560 1040 778 1115 rempublicam,
796 1042 827 1101 in
844 1037 955 1119 privat
967 1035 1093 1103 aqualiter

49 1130 112 1181 tos:
132 1120 164 1177 in
182 1116 365 1192 longinquos,
385 1115 414 1171 in
431 1115 617 1191 propinquos:
637 1118 666 1175 in
685 1117 807 1187 alienos,
824 1120 855 1178 in
872 1106 1012 1182 suosms·

49 1194 175 1255 irruebat
194 1212 202 1251 r
229 1192 275 1252 l'ed
292 1190 386 1248 nescio
405 1189 556 1267 quomodo
574 1193 632 1265 jam
652 1192 701 1250 usu
720 1194 889 1256 obduruerat
906 1200 938 1258 dr

48 1270 235 1349 percalluerat
248 1269 366 1329 civitatis
378 1267 544 1325 incredibilis
554 1268 694 1343 patientia.
712 1274 788 1346 Quae
797 1273 942 1335 veroade-

51 1359 115 1413 rant
124 1348 188 1423 jum
208 1350 238 1403 ὅ(
251 1342 466 1418 impendebant,
495 1360 620 1419 quonam
636 1342 726 1403 modo
740 1364 772 1405 ea
786 1359 835 1406 aut
847 1348 942 1427 depel-

52 1424 112 1487 lere
125 1419 349 1505 potuilletis,aut
360 1418 451 1481 ferte?
465 1422 491 1459 ⁸¹
508 1420 661 1499 imperium
675 1419 753 1485 stille
765 1424 861 1484 natius
874 1426 940 1488 ellet

844 1505 945 1581 (ornit-

53 1678 105 1733 que
116 1664 154 1713 ita
165 1662 192 1712 in
203 1662 283 1712 altero
294 1662 460 1726 manuscripto
471 1662 568 1726 legitur.
601 1666 631 1711 ln
647 1660 778 1712 vetustiore
790 1679 883 1715 nomen
895 1666 944 1716 lroc

52 1726 176 1779 nonnihil
187 1726 347 1791 depravatum
359 1726 406 1775 est:
418 1724 460 1775 sed
470 1726 507 1775 ita
517 1738 543 1775 ut
554 1728 646 1773 Serelie
656 1725 726 1775 fuill'e
737 1726 856 1779 videatur.
873 1731 946 1779 Ado·

53 1788 152 1843 iesceus
163 1806 194 1841 ex
204 1788 375 1862 manuscriptis
387 1794 492 1853 Aponius
502 1804 555 1837 non
566 1795 684 1845 ,Apronius
694 1789 742 1837 ell'e
753 1790 835 1841 debet.
864 1802 945 1857 Apre-

54 1858 93 1905 rrir'
102 1866 189 1905 eutem
198 1870 250 1903 non
261 1867 332 1917 pauci
342 1854 369 1901 in
380 1854 489 1918 antiquis
499 1850 621 1917 lapidibus
633 1854 798 1903 inveniuntur.
816 1855 867 1905 Dio
878 1871 944 1920 quo-

53 1934 105 1985 que
116 1917 161 1969 lib.
171 1921 261 1981 abili
280 1915 375 1967 Κόϊντον
392 1918 578 1975 A'rere‘rtere'bdee
591 1912 664 1965 ieris
678 1917 801 1968 nominat.
819 1924 947 1968 armarei-

50 1987 110 2031 ries.
144 1985 209 2045 Qr'd
224 1986 282 2028 enim
298 1998 332 2042 ege
343 1984 369 2027 eie
379 1984 509 2029 muliercula
519 1982 624 2029 Scantia?
657 1984 696 2027 eid
705 1986 730 2028 de
739 1984 865 2043 adolescente
876 1990 945 2046 ,Ape-

50 2050 120 2105 m'e.]
138 2050 278 2095 Pronemen
294 2062 329 2105 ege
345 2043 379 2090 est
397 2044 427 2092 ab
442 2042 537 2093 Erfurd.
556 2045 582 2091 δι
601 1998 746 2093 coloniens.
765 2043 796 2092 de
811 2047 902 2095 Scantia
913 2050 941 2096 δι

53 2112 151 2175 ,Apeee‘e
161 2104 261 2159 consule
270 2107 294 2156 d.
308 2121 361 2179 cap.
374 2109 503 2157 schottum
518 2106 635 2157 nostrum.
653 2122 712 2157 narn
723 2106 780 2157 libri
791 2108 868 2158 nostri
878 2111 943 2161 mire

54 2174 164 2227 variant.
182 2178 298 2221 Gruterus.
316 2170 379 2220 arth.
392 2171 447 2220 cod.
465 2174 555 2236 quidde
566 2173 692 2233 adolescente
703 2180 784 2235 mpero
799 2177 862 2221 dice?

89 2254 130 2297 79.
148 2235 393 2298 Fideltffimegratr'a.]
408 2234 518 2297 Fidrffime
535 2233 568 2283 est
585 2236 612 2282 in
628 2239 682 2287 MS.
700 2236 778 2287 Paulo
795 2236 849 2301 post
860 2237 888 2286 in
899 2239 944 2287 iis-

55 2300 119 2353 dem
129 2300 232 2367 legitur,
240 2302 287 2357 Etfi
295 2301 407 2361 equaliter
418 2302 442 2345 in
456 2312 521 2362 remp.
539 2300 669 2363 quomodo
676 2302 803 2350 Manutius
814 2316 880 2351 nuuc
891 2302 945 2353 edi·

57 2364 114 2423 dita
131 2364 265 2428 legendum
276 2361 366 2410 etiam:
384 2364 426 2411 Sed
435 2366 494 2410 omni
504 2365 568 2409 editu
579 2366 605 2415 dr
617 2367 694 2411 limine
703 2368 810 2425 privarer.
827 2365 865 2413 Sic
875 2367 944 2415 enim

55 2428 154 2478 hebent
166 2428 192 2476 dt
202 2426 259 2475 libri
270 2438 330 2477 vett.
348 2439 422 2491 atque
431 2426 468 2475 ira
477 2422 613 2491 legendum
624 2424 671 2475 elie
687 2426 759 2476 docet
777 2427 900 2476 viltorius
915 2432 944 2481 in

38 2498 116 2551 ‚Van
130 2490 197 2541 Lest.
209 2490 252 2539 lib.
265 2494 317 2539 XX.
329 2504 380 2554 cap.
396 2499 432 2539 rt.
451 2494 489 2538 Fr.
501 2492 623 2539 fulridus.
656 2490 770 2552 Frat'ffim
785 2491 819 2539 est
829 2491 905 2541 etiam
917 2493 945 2543 itt
973 2542 980 2551 ,

56 2554 152 2608 Erfittt.
171 2558 197 2603 bt
210 2552 273 2603 l’ith.
292 2555 317 2602 bt
328 2552 444 2605 Lambini
454 2553 573 2603 editione.
591 2557 701 2602 Gravius.

92 2628 133 2668 eo.
151 2621 231 2667 kAelim
241 2620 267 2670 dr
278 2620 377 2674 limine]
393 2622 431 2664 lta
442 2618 468 2665 de
479 2615 561 2680 scripti
571 2615 648 2664 noliri
658 2618 684 2667 dr
696 2616 861 2684 vibiotil,qui
873 2618 947 2669 adea·

58 2694 103 2733 tur
115 2680 180 2731 libro
193 2698 237 2729 xx.
255 2685 312 2729 var.
323 2680 391 2729 Lclb.
405 2694 458 2743 cap.
472 2689 509 2730 ct.
526 2684 593 2728 ciret.

93 2754 133 2795 81.
150 2748 268 2807 Imperium
279 2746 346 2803 illest
354 2748 429 2791 relies
438 2745 509 2805 effen]
527 2742 564 2790 Sic
575 2741 667 2791 habent
685 2742 783 2792 codices
800 2746 905 2793 Memm.
918 2747 945 2796 &

58 2808 149 2877 paulli)
166 2808 233 2881 post,
263 2811 348 2854 ectenias
361 2808 426 2855 dice?
444 2805 485 2856 ubi
500 2807 608 2871 vulgati,
625 2822 640 2853 a
657 2808 733 2853 liberis
749 2812 813 2854 dieo?
832 2809 874 2855 alii
887 2824 946 2859 tna-

58 2872 193 2939 nuscriptr,
210 2822 282 2929 vellis
292 2872 418 2918 terratico:
436 2884 511 2934 quem
522 2871 607 2919 locum
619 2875 643 2919 Ρ.
656 2870 778 2919 Victorius
789 2872 886 2920 notavit
898 2873 945 2923 lib.

57 2944 115 2989 Π.
134 2942 189 2983 var.
202 2934 258 2983 lest.
277 2948 357 2998 neque
373 2945 459 2983 tamen
475 2947 576 2991 totum,
598 2947 654 2981 cum
670 2931 728 2983 ellet
744 2936 771 2983 iu
787 2934 857 2983 libris
873 2938 942 3001 vulg.

58 2997 270 3063 corruptissimus,
286 2998 313 3044 in
324 2999 448 3061 integrum
463 2996 574 3047 restituit.
607 3003 662 3061 Ego
678 3011 760 3049 autem
777 2996 862 3046 videor
879 3000 944 3047 mini

58 3076 202 3115 extremam
218 3075 320 3111 manum
337 3061 361 3108 ei
376 3058 517 3109 admoeiss'e.
551 3067 692 3125 Propouam
711 3061 787 3125 igitur
807 3062 945 3113 ledtionem

57 3130 129 3193 vulg.
143 3127 263 3195 primum:
282 3122 372 3173 deinde
386 3123 587 3173 emendationem
598 3139 694 3182 meam,
711 3140 741 3173 ex
753 3124 869 3188 antiqua,
887 3140 944 3189 par-

56 3206 92 3242 va
102 3190 244 3241 mutatione
254 3187 334 3244 facta,
351 3184 498 3251 exprellam,
516 3201 542 3235 ut
553 3202 608 3235 eam
618 3203 674 3236 cum
687 3189 789 3252 antiqua
800 3190 825 3239 ὃς
842 3189 944 3254 vulgata

56 3266 121 3305 eom
139 3266 234 3303 aratam
244 3252 387 3315 intelligant
401 3265 488 3299 omnes
499 3248 547 3300 ess‘e
556 3266 640 3300 veram
651 3254 677 3300 bt
688 3266 832 3316 germanam
844 3253 946 3303 Cicero·

58 3319 102 3371 nis
123 3318 264 3383 cripturam.
297 3316 365 3364 Talis
378 3313 495 3379 igiturest
507 3315 622 3380 vulgata:
639 3332 732 3380 quonam
742 3320 803 3363 medo
815 3334 840 3363 m
851 3332 889 3365 eut
904 3323 944 3367 de-

55 3386 139 3447 pellere
153 3384 284 3445 poteiffetr's,
300 3396 339 3430 aut
353 3380 414 3436 ferre
429 3381 558 3442 imperium,
570 3380 592 3436 fi
607 3381 631 3426 id
647 3382 685 3427 ille
696 3382 769 3429 nerim
780 3382 843 3443 riser?
861 3385 945 3429 Omitte

51 3448 77 3519 s.
97 3460 143 3499 est.
159 3459 206 3501 net.
224 3464 243 3499 r.
260 3459 313 3517 retr,
328 3458 381 3497 vete
395 3463 429 3497 err.
441 3444 465 3502 f·
478 3456 503 3489 ee
515 3447 538 3489 in
548 3443 611 3502 essse
617 3456 663 3505 pot.
679 3430 739 3497 nh.
749 3462 817 3512 quem
827 3447 852 3495 in
862 3444 946 3503 uestrae

446 3508 497 3561 Sat
512 3521 559 3561 sss
574 3520 605 3559 ss
623 3523 633 3569 5
911 3506 961 3571 psi*
