2318 3914
125 138 215 214 Ptto
237 145 277 214 C.
297 129 487 215 Ram-iero
505 138 727 214 Postumo.
788 112 872 232 a877

26 263 57 334 *n
71 227 123 338 trio
144 240 260 330 AEg'ypti
279 267 368 328 reguo
388 248 480 328 amre
499 248 537 311 er
550 264 654 333 corpu
666 248 805 346 rrum,
816 247 878 313 vra

26 340 257 463 ilitilriaetilnnsieor
266 402 342 475 ,fieti
353 401 422 462 nihil
434 389 510 480 pose
525 401 684 463 dementiis
696 400 874 482 qddmscien-
884 382 926 460 ἢ

26 482 169 538 niueum
182 481 279 539 locum
294 480 407 548 venire,
427 481 474 538 ubi
486 479 642 540 libertatem
661 479 695 538 fis
713 480 877 556 perditurus.

26 554 33 614 Ι
49 567 80 604 ⁴⁹
93 555 175 628 hujus
187 556 261 616 iilius
274 555 340 616 fadi
353 555 493 615 stultitiam
508 556 599 615 ma'or
610 555 668 632 jam
682 554 805 632 superior
811 554 875 615 stul·
914 552 941 626 ²2
952 554 993 633 λ,

26 631 46 690 [a
64 631 204 692 defendit:
224 646 290 710 quae
309 633 401 702 iacit,
418 644 450 691 ut
469 631 527 691 hoc
546 573 730 692 sultiffimum
751 631 876 700 facinus,
982 636 987 644 '

26 706 66 767 dd
84 709 114 766 in
134 725 281 785 regnumt
298 708 429 778 venerit,
448 707 525 785 quod
546 719 575 767 re
596 710 602 721 ’
623 707 901 778 sementariciam
918 708 987 761 πώ

26 784 122 844 rientet
141 786 248 847 fartum
270 784 325 848 effe
344 785 480 848 rideatur.
496 783 565 863 siqui
586 801 632 848 em
650 797 679 834 ³⁰
691 798 749 845 tam
768 775 1038 924 stmffffiridiimmffir

866 892 919 950 'id
933 903 989 955 Mese

26 1021 115 1087 trigoni
126 1033 195 1073 metu
206 1021 229 1074 se
240 1017 272 1075 ad
290 1021 451 1077 l’rolemaeur'n
467 1028 578 1076 Soterem
594 1016 738 1085 eorrt'ulilse,
754 1026 875 1076 miiitum·

26 1087 103 1135 eillie
113 1091 233 1153 temporit
244 1104 369 1141 moratum
379 1091 444 1139 inter
460 1102 542 1139 cetera
558 1087 703 1139 consuluisse
720 1093 786 1157 regi,
803 1104 829 1139 ut
842 1089 874 1140 fl*

62 1164 126 1261 quos
144 1165 174 1199 ett
190 1153 304 1215 Euridice
320 1151 472 1219 susceperat,
494 1154 660 1217 impartiretur
677 1169 788 1219 regnum.
821 1155 873 1204 lllo

55 1227 71 1260 o
90 1227 255 1278 temperante,
273 1216 314 1272 sed
325 1218 347 1265 ei
361 1232 436 1282 quem
448 1230 479 1265 eir
490 1217 609 1265 Beroniee
625 1231 741 1282 genuerat
756 1216 872 1267 diadema

26 1163 45 1205 ir

27 1273 116 1334 dente,
134 1284 164 1327 ab
180 1279 229 1330 hoc
244 1278 297 1344 ipso
314 1282 379 1344 post,
388 1280 464 1344 patria
473 1292 582 1327 mortem
593 1279 662 1330 fuisse
674 1280 827 1330 adservatum
842 1282 871 1330 itr

26 1340 135 1410 mincia,
158 1341 249 1453 quoad
259 1342 354 1454 aliquid
370 1339 402 1399 de
416 1344 463 1391 illo
480 1335 605 1395 statuisiet.
637 1343 685 1393 Hic
701 1345 746 1392 ille
756 1344 870 1394 moestior

26 1411 67 1460 nt,
86 1418 114 1452 ac
132 1419 161 1452 ve
173 1407 208 1455 uti
225 1406 296 1455 dorm
307 1419 363 1455 tans
379 1406 409 1454 ab
426 1404 507 1471 aspide
517 1413 593 1455 manu
609 1405 703 1457 morsus
714 1422 744 1455 ex
757 1408 809 1456 vita
820 1408 870 1456 mi-

26 1468 72 1514 tuit
86 1466 250 1535 -sepultusque
266 1469 300 1518 est
321 1471 348 1518 in
364 1469 482 1527 Bustrite,
505 1471 607 1535 regione
623 1486 700 1536 prope
717 1469 868 1535 Diospolitn.

26 1548 28 1572 r
40 1544 72 1578 eo
83 1530 119 1579 ita
130 1531 211 1582 scribit
222 1535 312 1583 Cicero
323 1534 350 1583 in
362 1537 482 1583 Oratore:
500 1538 600 1584 Phalerei
609 1538 721 1582 Demetrii
730 1539 871 1592 irenem

26 1607 58 1640 are
71 1598 196 1661 placideque
210 1600 329 1662 seqnitur,
354 1612 402 1644 rum
425 1597 537 1656 iilustrare
555 1612 604 1642 um
619 1598 682 1661 qnafi
689 1598 756 1658 striis
771 1601 870 1664 quadam

26 1651 95 1717 astare
106 1663 173 1708 verba
182 1674 247 1724 atque
257 1663 385 1718 immutare,
416 1663 599 1709 Hotomannus'.

26 1735 61 1780 49·
81 1727 153 1784 Hujus
165 1725 227 1782 istius
238 1725 314 1782 serii]
328 1722 423 1772 Dodius
434 1723 471 1771 vir
487 1720 513 1772 ἃ
524 1720 574 1769 mei
585 1709 763 1771 amantissimus
774 1715 871 1773 videtur

26 1784 115 1832 rsmodi
131 1786 266 1835 lediionem
283 1783 373 1850 ubique
390 1783 521 1850 suspectam
539 1784 648 1841 habete,
670 1789 705 1833 hic
720 1787 778 1844 rste,
804 1791 871 1846 buires

26 1853 138 1904 risiare
149 1850 222 1914 iidem.
239 1848 294 1900 &st
307 1851 361 1914 quis
372 1862 475 1899 conetur
490 1847 596 1905 imitari,
613 1847 709 1897 ridetur
724 1849 800 1897 etiam
816 1864 871 1898 non

26 1911 128 1960 modum
139 1914 249 1977 probare.
282 1913 363 1969 Mihi,
374 1926 400 1962 ur
412 1927 496 1962 rerum
506 1910 599 1964 fatear,
617 1926 670 1960 non
685 1910 796 1976 displicet
808 1944 816 1967 ,
837 1920 870 1962 ne

26 1973 86 2023 siras
101 1976 202 2040 quidem
217 1978 282 2033 ille,
301 1979 344 2043 qui
361 1977 388 2024 id
403 1976 498 2040 usurpat
513 1973 596 2038 saepiua
609 1989 675 2048 petre
690 1975 784 2024 cereris.
801 1976 871 2039 quod

25 2037 71 2086 iun
85 2040 142 2090 crim
159 2039 233 2096 alibi,
248 2039 376 2090 eum-mea
393 2039 494 2104 quidem
511 2035 632 2095 sententis
644 2038 736 2087 exstare
746 2041 823 2087 etiam
834 2039 872 2087 ui·

26 2115 62 2213 :pr
76 2098 140 2214 qpud
157 2101 348 2156 venustiffimum
364 2105 496 2155 rodarum
513 2101 642 2153 catullum
657 2104 684 2155 in
694 2103 873 2170 epigrammate

55 2179 80 2214 er
92 2176 162 2224 ram,

26 2229 84 2291 Qir
99 2245 133 2278 me
147 2246 189 2278 reno
205 2232 270 2278 vivit
280 2231 395 2289 feliciori
411 2244 450 2280 aar
465 2234 535 2296 magia
548 2238 589 2289 rae
599 2231 641 2293 ilia

55 2295 176 2365 optandam
192 2297 266 2340 viram
281 2298 351 2344 dicere
366 2299 417 2360 quis
428 2301 530 2359 pererit!
762 2351 764 2356 ,

26 2360 108 2427 :enim
120 2350 179 2421 lego
190 2346 266 2414 illud,
283 2358 351 2423 quod
364 2361 390 2408 in
401 2359 507 2433 vulgatis
517 2360 621 2426 legitur:
638 2358 694 2408 Aer
704 2360 774 2422 magis
785 2360 822 2406 bre
832 2348 873 2420 est.

29 2416 120 2467 scilicet
131 2419 262 2470 collidatur
277 2423 367 2474 ultima
382 2423 470 2488 prioris
486 2425 565 2473 verius
585 2437 641 2472 curn
659 2422 738 2487 prima
751 2422 872 2487 posterio-

26 2515 31 2530 .
49 2481 118 2545 quod
129 2481 229 2547 quidem
241 2489 382 2551 exemplum
394 2482 426 2534 ad
436 2500 491 2535 eam
501 2502 573 2544 rem,
599 2501 675 2551 quam
687 2486 760 2542 roro,
777 2485 871 2535 idcirco·

26 2545 110 2594 entius
122 2546 239 2596 hocloco
251 2548 451 2613 attuli,quod‚in
462 2549 570 2610 illo,est‚
587 2546 723 2614 expressum
735 2549 798 2597 mihi
810 2563 872 2598 vetar

26 2607 106 2657 iiorris
122 2611 251 2682 vestigium
266 2611 367 2660 residere
382 2611 500 2661 videatur.
514 2626 658 2677 quanquam
669 2610 726 2661 sane
736 2627 789 2661 non
799 2613 882 2678 igno·-

26 2687 59 2729 n,
77 2673 149 2722 aliter
159 2676 222 2722 alros
233 2676 317 2724 locum
330 2677 412 2724 Po'e'tae
423 2675 561 2726 emendate
596 2680 715 2724 Patricius.

26 2746 63 2793 ςο.
80 2741 136 2783 Tam
145 2738 297 2800 semperstuiri
305 2739 363 2799 effe]
371 2740 456 2788 vstulte
462 2739 621 2802 proriusloeo
632 2738 689 2786 huie
700 2738 817 2803 negativo
828 2737 873 2786 ad·

26 2799 55 2848 iit
72 2795 226 2857 Lambinus,
247 2801 255 2848 i
275 2801 389 2850 norantid
407 2796 530 2851 sententia
548 2803 736 2851 Ciceroniana:
753 2816 805 2866 quae
821 2800 872 2852 hod

26 2863 57 2919 it,
75 2863 189 2926 sapientis
200 2861 248 2913 esse
258 2815 327 2912 ione
340 2862 417 2912 modo
430 2863 453 2913 se
464 2866 583 2914 tartidate
601 2863 682 2922 nassau
699 2864 768 2913 malo
785 2879 869 2922 more,

26 2940 200 2992 tquoeurrque‚
218 2923 292 2976 stulti.
310 2927 336 2993 id
346 2927 424 2992 ipsum
435 2929 515 2984 velie,
532 2930 624 2989 clamat
635 2927 774 2978 conclusio:
791 2941 871 2995 quemi

26 3007 62 3037 em
74 2992 132 3040 iliad
142 3006 227 3039 maneat
238 2991 286 3040 &a
305 2994 376 3040 Grnt.
410 2992 485 3040 Plane
496 3007 548 3043 non
561 2990 647 3048 video',
665 2990 725 3057 quid
736 2993 795 3040 velit
807 2996 875 3041 Gru·

26 3068 64 3104 ua.
99 3059 189 3103 Vereor
200 3067 226 3104 ut
238 3056 263 3104 dt
275 3053 316 3103 hie'
327 3049 387 3103 odio
398 3053 514 3104 Lambini
525 3055 610 3105 dusius
621 3052 738 3119 scripserit
749 3069 835 3119 parum
846 3052 872 3103 se'

26 3132 74 3180 gna.
90 3119 204 3182 Requitit
215 3118 321 3165 omnino
333 3116 453 3166 sententia
464 3119 608 3183 particulam
620 3130 767 3184 negantem,
783 3130 810 3166 ut
820 3119 872 3179 iani

26 3181 148 3230 enderunr
159 3181 210 3231 aiii.
243 3184 311 3232 Nam
321 3181 366 3233 ille
378 3178 470 3245 semper
478 3181 579 3237 stultus,
597 3185 640 3246 qui
651 3196 707 3230 cunr
717 3181 820 3230 stultitia
831 3183 872 3231 sua
967 3203 969 3207 v
990 3193 993 3200 ·

27 3245 124 3317 peditur
136 3245 183 3301 est,
201 3255 328 3318 nunquam
338 3237 482 3318 ullomodo
494 3244 517 3293 se
527 3245 634 3308 expedit.
658 3244 704 3294 sed
714 3244 758 3294 ille
768 3242 820 3294 sero
832 3249 869 3294 ia·

26 3305 871 3436 aazia‚liiiiaiiiilrisraiirriaridioris?

26 3432 154 3482 seresiatur
164 3435 338 3550 nqqationem,
356 3449 431 3501 quam
442 3433 461 3482 st
473 3438 498 3484 δι
510 3435 528 3484 ii
540 3434 637 3488 codices
648 3433 790 3496 assererent,
807 3451 871 3501 quor

26 3497 143 3557 revolvi,
160 3512 189 3552 er
212 3500 300 3553 aretin
314 3499 457 3554 barnasira
468 3498 590 3556 editione,
622 3495 741 3556 Greuirt.
834 3575 852 3611 x
871 3565 915 3608 w

818 3577 832 3620 S
854 3595 865 3615 e
