<?xml version="1.0" encoding="UTF-8"?>
<!DOCTYPE html PUBLIC "-//W3C//DTD XHTML 1.0 Transitional//EN"
    "http://www.w3.org/TR/xhtml1/DTD/xhtml1-transitional.dtd">
<html xmlns="http://www.w3.org/1999/xhtml" xml:lang="en" lang="en">
 <head>
  <title>
</title>
<meta http-equiv="Content-Type" content="text/html;charset=utf-8" />
  <meta name='ocr-system' content='tesseract 3.04.00' />
  <meta name='ocr-capabilities' content='ocr_page ocr_carea ocr_par ocr_line ocrx_word'/>
</head>
<body>
  <div class='ocr_page' id='page_1' title='image "./marcitulliicice08pedigoog_0117.png"; bbox 0 0 2318 3914; ppageno 0'>
   <div class='ocr_carea' id='block_1_1' title="bbox 238 70 923 185">
    <p class='ocr_par' dir='ltr' id='par_1_1' title="bbox 238 70 923 185">
     <span class='ocr_line' id='line_1_1' title="bbox 238 70 923 185; baseline 0 -12"><span class='ocrx_word' id='word_1_1' title='bbox 238 126 323 185; x_wconf 78' lang='lat'>2520</span> <span class='ocrx_word' id='word_1_2' title='bbox 478 102 512 159; x_wconf 79' lang='grc'>’-</span> <span class='ocrx_word' id='word_1_3' title='bbox 554 104 812 179; x_wconf 71' lang='grc' dir='ltr'><strong>ΟιΑτιο,</strong></span> <span class='ocrx_word' id='word_1_4' title='bbox 912 70 923 106; x_wconf 32' lang='grc' dir='ltr'>ἱ</span> 
     </span>
    </p>
   </div>
   <div class='ocr_carea' id='block_1_2' title="bbox 18 203 1121 2345">
    <p class='ocr_par' dir='ltr' id='par_1_2' title="bbox 18 203 1121 1433">
     <span class='ocr_line' id='line_1_2' title="bbox 238 203 1120 287; baseline 0.009 -24"><span class='ocrx_word' id='word_1_5' title='bbox 238 205 438 283; x_wconf 81' lang='lat' dir='ltr'>rempublimm</span> <span class='ocrx_word' id='word_1_6' title='bbox 445 203 645 269; x_wconf 84' lang='lat' dir='ltr'>stabiliverunt:</span> <span class='ocrx_word' id='word_1_7' title='bbox 665 226 737 286; x_wconf 89' lang='lat' dir='ltr'>quos</span> <span class='ocrx_word' id='word_1_8' title='bbox 743 205 874 286; x_wconf 90' lang='lat' dir='ltr'>equidem</span> <span class='ocrx_word' id='word_1_9' title='bbox 887 209 917 269; x_wconf 91' lang='lat' dir='ltr'>itr</span> <span class='ocrx_word' id='word_1_10' title='bbox 930 209 1049 273; x_wconf 82' lang='lat' dir='ltr'>deornm</span> <span class='ocrx_word' id='word_1_11' title='bbox 1061 211 1120 287; x_wconf 59' lang='lat' dir='ltr'>imi</span> 
     </span>
     <span class='ocr_line' id='line_1_3' title="bbox 237 282 1117 365; baseline 0.006 -23"><span class='ocrx_word' id='word_1_12' title='bbox 237 282 399 351; x_wconf 77' lang='lat' dir='ltr'>iuortalium</span> <span class='ocrx_word' id='word_1_13' title='bbox 413 297 489 343; x_wconf 89' lang='lat' dir='ltr'>coetu</span> <span class='ocrx_word' id='word_1_14' title='bbox 508 302 540 344; x_wconf 92' lang='lat' dir='ltr'>ac</span> <span class='ocrx_word' id='word_1_15' title='bbox 553 302 673 353; x_wconf 87' lang='lat' dir='ltr'>numero</span> <span class='ocrx_word' id='word_1_16' title='bbox 687 303 805 365; x_wconf 81' lang='lat' dir='ltr'><strong>repono.</strong></span> <span class='ocrx_word' id='word_1_17' title='bbox 837 302 965 347; x_wconf 87' lang='lat' dir='ltr'>amemus</span> <span class='ocrx_word' id='word_1_18' title='bbox 983 291 1117 364; x_wconf 83' lang='lat' dir='ltr'>patriam.</span> 
     </span>
     <span class='ocr_line' id='line_1_4' title="bbox 237 360 1118 437; baseline 0.01 -20"><span class='ocrx_word' id='word_1_19' title='bbox 237 372 382 435; x_wconf 83' lang='lat' dir='ltr'>pareamus</span> <span class='ocrx_word' id='word_1_20' title='bbox 401 360 520 431; x_wconf 83' lang='lat' dir='ltr'>senatui.</span> <span class='ocrx_word' id='word_1_21' title='bbox 540 361 714 422; x_wconf 83' lang='lat' dir='ltr'>consulamus</span> <span class='ocrx_word' id='word_1_22' title='bbox 734 363 829 422; x_wconf 85' lang='lat' dir='ltr'>bonis:</span> <span class='ocrx_word' id='word_1_23' title='bbox 849 362 995 437; x_wconf 79' lang='lat' dir='ltr'>praesentes</span> <span class='ocrx_word' id='word_1_24' title='bbox 1013 364 1118 425; x_wconf 70' lang='lat' dir='ltr'>ruam</span> 
     </span>
     <span class='ocr_line' id='line_1_5' title="bbox 79 427 1118 517; baseline 0.006 -21"><span class='ocrx_word' id='word_1_25' title='bbox 79 427 228 508; x_wconf 57' lang='lat' dir='ltr'>apostorita-</span> <span class='ocrx_word' id='word_1_26' title='bbox 236 428 422 513; x_wconf 80' lang='lat' dir='ltr'>negligamus,</span> <span class='ocrx_word' id='word_1_27' title='bbox 441 437 625 513; x_wconf 78' lang='lat' dir='ltr'>hposleritatis</span> <span class='ocrx_word' id='word_1_28' title='bbox 636 438 733 514; x_wconf 61' lang='lat' dir='ltr'>glorm</span> <span class='ocrx_word' id='word_1_29' title='bbox 745 439 892 499; x_wconf 82' lang='lat' dir='ltr'>serviamus</span> <span class='ocrx_word' id='word_1_30' title='bbox 906 460 913 499; x_wconf 90' lang='lat'><strong>:</strong></span> <span class='ocrx_word' id='word_1_31' title='bbox 933 440 962 500; x_wconf 93' lang='lat' dir='ltr'>id</span> <span class='ocrx_word' id='word_1_32' title='bbox 976 438 1031 502; x_wconf 83' lang='lat' dir='ltr'>effe</span> <span class='ocrx_word' id='word_1_33' title='bbox 1042 442 1118 517; x_wconf 88' lang='lat' dir='ltr'>opti·</span> 
     </span>
     <span class='ocr_line' id='line_1_6' title="bbox 78 497 1118 604; baseline 0.009 -36"><span class='ocrx_word' id='word_1_34' title='bbox 78 497 189 604; x_wconf 46' lang='grc' dir='ltr'>ἴως’·</span> <span class='ocrx_word' id='word_1_35' title='bbox 237 528 316 571; x_wconf 89' lang='lat' dir='ltr'>mum</span> <span class='ocrx_word' id='word_1_36' title='bbox 330 525 475 588; x_wconf 88' lang='lat' dir='ltr'>putemus,</span> <span class='ocrx_word' id='word_1_37' title='bbox 494 513 574 591; x_wconf 90' lang='lat' dir='ltr'>quod</span> <span class='ocrx_word' id='word_1_38' title='bbox 593 514 645 574; x_wconf 91' lang='lat' dir='ltr'>erit</span> <span class='ocrx_word' id='word_1_39' title='bbox 662 515 839 576; x_wconf 73' lang='lat' dir='ltr'>rectissimum</span> <span class='ocrx_word' id='word_1_40' title='bbox 853 515 1118 596; x_wconf 30' lang='lat' dir='ltr'>:Isperemusiquae</span> 
     </span>
     <span class='ocr_line' id='line_1_7' title="bbox 77 560 1120 674; baseline 0.01 -31"><span class='ocrx_word' id='word_1_41' title='bbox 77 560 227 669; x_wconf 51' lang='lat' dir='ltr'>ffiuff&#39;</span> <span class='ocrx_word' id='word_1_42' title='bbox 236 590 251 634; x_wconf 75' lang='lat' dir='ltr'>k</span> <span class='ocrx_word' id='word_1_43' title='bbox 260 587 405 659; x_wconf 84' lang='lat' dir='ltr'>volumus,</span> <span class='ocrx_word' id='word_1_44' title='bbox 422 588 468 649; x_wconf 91' lang='lat' dir='ltr'>sed</span> <span class='ocrx_word' id='word_1_45' title='bbox 482 590 561 667; x_wconf 86' lang='lat' dir='ltr'>quod</span> <span class='ocrx_word' id='word_1_46' title='bbox 575 591 706 651; x_wconf 87' lang='lat' dir='ltr'>acciderit</span> <span class='ocrx_word' id='word_1_47' title='bbox 729 595 871 674; x_wconf 70' lang='lat' dir='ltr'>seramus:</span> <span class='ocrx_word' id='word_1_48' title='bbox 897 594 1056 669; x_wconf 72' lang='lat' dir='ltr'>cogitemus</span> <span class='ocrx_word' id='word_1_49' title='bbox 1068 594 1120 653; x_wconf 90' lang='lat' dir='ltr'>de·</span> 
     </span>
     <span class='ocr_line' id='line_1_8' title="bbox 78 663 1118 747; baseline 0.007 -25"><span class='ocrx_word' id='word_1_50' title='bbox 78 698 134 732; x_wconf 83' lang='lat' dir='ltr'>mus</span> <span class='ocrx_word' id='word_1_51' title='bbox 154 688 213 732; x_wconf 61' lang='lat' dir='ltr'>,ism</span> <span class='ocrx_word' id='word_1_52' title='bbox 239 663 342 741; x_wconf 86' lang='lat' dir='ltr'>nique,</span> <span class='ocrx_word' id='word_1_53' title='bbox 368 683 468 742; x_wconf 88' lang='lat' dir='ltr'>corpus</span> <span class='ocrx_word' id='word_1_54' title='bbox 489 668 614 728; x_wconf 89' lang='lat' dir='ltr'>vitorum</span> <span class='ocrx_word' id='word_1_55' title='bbox 635 669 752 726; x_wconf 87' lang='lat' dir='ltr'>fortium</span> <span class='ocrx_word' id='word_1_56' title='bbox 778 684 1004 747; x_wconf 88' lang='lat' dir='ltr'>magnorumque</span> <span class='ocrx_word' id='word_1_57' title='bbox 1023 670 1118 730; x_wconf 89' lang='lat' dir='ltr'>homi·</span> 
     </span>
     <span class='ocr_line' id='line_1_9' title="bbox 18 740 1116 823; baseline 0.01 -27"><span class='ocrx_word' id='word_1_58' title='bbox 18 777 21 781; x_wconf 89' lang='lat'>-</span> <span class='ocrx_word' id='word_1_59' title='bbox 77 750 131 797; x_wconf 74' lang='lat' dir='ltr'>aas.</span> <span class='ocrx_word' id='word_1_60' title='bbox 237 758 307 819; x_wconf 82' lang='lat' dir='ltr'>rrum</span> <span class='ocrx_word' id='word_1_61' title='bbox 333 740 387 802; x_wconf 88' lang='lat' dir='ltr'>esse</span> <span class='ocrx_word' id='word_1_62' title='bbox 409 742 549 803; x_wconf 76' lang='lat' dir='ltr'>mortale:</span> <span class='ocrx_word' id='word_1_63' title='bbox 570 744 656 803; x_wconf 94' lang='lat' dir='ltr'>animi</span> <span class='ocrx_word' id='word_1_64' title='bbox 674 744 743 803; x_wconf 85' lang='lat' dir='ltr'>verb</span> <span class='ocrx_word' id='word_1_65' title='bbox 760 758 853 803; x_wconf 87' lang='lat' dir='ltr'>motus</span> <span class='ocrx_word' id='word_1_66' title='bbox 878 746 907 803; x_wconf 91' lang='lat'>&amp;</span> <span class='ocrx_word' id='word_1_67' title='bbox 929 748 1036 806; x_wconf 89' lang='lat' dir='ltr'>virtutis</span> <span class='ocrx_word' id='word_1_68' title='bbox 1053 748 1116 823; x_wconf 87' lang='lat' dir='ltr'>glo·</span> 
     </span>
     <span class='ocr_line' id='line_1_10' title="bbox 75 817 1115 953; baseline 0.01 -79"><span class='ocrx_word' id='word_1_69' title='bbox 75 844 87 894; x_wconf 78' lang='lat'>1</span> <span class='ocrx_word' id='word_1_70' title='bbox 99 845 226 894; x_wconf 78' lang='lat' dir='ltr'>combusto</span> <span class='ocrx_word' id='word_1_71' title='bbox 234 817 304 875; x_wconf 85' lang='lat' dir='ltr'>riam</span> <span class='ocrx_word' id='word_1_72' title='bbox 322 820 534 953; x_wconf 69' lang='lat' dir='ltr'>sempiternam:</span> <span class='ocrx_word' id='word_1_73' title='bbox 554 837 647 897; x_wconf 87' lang='lat' dir='ltr'>neque</span> <span class='ocrx_word' id='word_1_74' title='bbox 659 820 731 877; x_wconf 89' lang='lat' dir='ltr'>hant</span> <span class='ocrx_word' id='word_1_75' title='bbox 747 821 914 897; x_wconf 84' lang='lat' dir='ltr'>opinionem</span> <span class='ocrx_word' id='word_1_76' title='bbox 926 820 948 880; x_wconf 87' lang='lat' dir='ltr'><strong>fi</strong></span> <span class='ocrx_word' id='word_1_77' title='bbox 962 824 1115 885; x_wconf 88' lang='lat' dir='ltr'>inillosan·</span> 
     </span>
     <span class='ocr_line' id='line_1_11' title="bbox 76 892 1116 977; baseline 0.004 -20"><span class='ocrx_word' id='word_1_78' title='bbox 76 911 149 958; x_wconf 72' lang='lat' dir='ltr'>atro.</span> <span class='ocrx_word' id='word_1_79' title='bbox 163 912 189 961; x_wconf 69' lang='lat' dir='ltr'>u</span> <span class='ocrx_word' id='word_1_80' title='bbox 235 892 379 955; x_wconf 67' lang='lat' dir='ltr'>&amp;issimol</span> <span class='ocrx_word' id='word_1_81' title='bbox 399 894 490 953; x_wconf 88' lang='lat' dir='ltr'>ercule</span> <span class='ocrx_word' id='word_1_82' title='bbox 510 896 698 955; x_wconf 86' lang='lat' dir='ltr'>consecratam</span> <span class='ocrx_word' id='word_1_83' title='bbox 718 897 870 966; x_wconf 88' lang='lat' dir='ltr'>videmus,</span> <span class='ocrx_word' id='word_1_84' title='bbox 897 899 976 975; x_wconf 84' lang='lat' dir='ltr'>cujus</span> <span class='ocrx_word' id='word_1_85' title='bbox 995 912 1116 977; x_wconf 85' lang='lat' dir='ltr'>corpore</span> 
     </span>
     <span class='ocr_line' id='line_1_12' title="bbox 75 972 1121 1045; baseline 0.004 -16"><span class='ocrx_word' id='word_1_86' title='bbox 75 973 184 1045; x_wconf 68' lang='lat' dir='ltr'>oatoerr.</span> <span class='ocrx_word' id='word_1_87' title='bbox 233 972 394 1039; x_wconf 87' lang='lat' dir='ltr'>¹ambusto,</span> <span class='ocrx_word' id='word_1_88' title='bbox 416 972 503 1030; x_wconf 89' lang='lat' dir='ltr'>vitam</span> <span class='ocrx_word' id='word_1_89' title='bbox 525 972 588 1045; x_wconf 65' lang='lat' dir='ltr'>ejus⁵</span> <span class='ocrx_word' id='word_1_90' title='bbox 607 974 637 1031; x_wconf 76' lang='grc' dir='ltr'>δι</span> <span class='ocrx_word' id='word_1_91' title='bbox 650 975 783 1031; x_wconf 89' lang='lat' dir='ltr'>virtutem</span> <span class='ocrx_word' id='word_1_92' title='bbox 797 974 1019 1035; x_wconf 73' lang='lat' dir='ltr'>mimmortatit‘ar</span> <span class='ocrx_word' id='word_1_93' title='bbox 1032 995 1121 1038; x_wconf 85' lang='lat' dir='ltr'>exce·.</span> 
     </span>
     <span class='ocr_line' id='line_1_13' title="bbox 76 1042 1114 1126; baseline 0.01 -23"><span class='ocrx_word' id='word_1_94' title='bbox 76 1048 104 1082; x_wconf 68' lang='lat'>¹¹³</span> <span class='ocrx_word' id='word_1_95' title='bbox 120 1050 223 1117; x_wconf 71' lang='lat' dir='ltr'>immpr-</span> <span class='ocrx_word' id='word_1_96' title='bbox 233 1042 299 1121; x_wconf 80' lang='lat' dir='ltr'>pisse</span> <span class='ocrx_word' id='word_1_97' title='bbox 314 1047 428 1117; x_wconf 87' lang='lat' dir='ltr'>dicitur,</span> <span class='ocrx_word' id='word_1_98' title='bbox 449 1048 750 1118; x_wconf 83' lang='lat' dir='ltr'>minlrsexistimenrus‚</span> <span class='ocrx_word' id='word_1_99' title='bbox 771 1067 836 1118; x_wconf 82' lang='lat' dir='ltr'>eos,</span> <span class='ocrx_word' id='word_1_100' title='bbox 855 1050 904 1126; x_wconf 90' lang='lat' dir='ltr'>qui</span> <span class='ocrx_word' id='word_1_101' title='bbox 918 1049 992 1111; x_wconf 86' lang='lat' dir='ltr'>harre</span> <span class='ocrx_word' id='word_1_102' title='bbox 1006 1065 1114 1117; x_wconf 84' lang='lat' dir='ltr'>tautam</span> 
     </span>
     <span class='ocr_line' id='line_1_14' title="bbox 76 1098 1112 1210; baseline 0.014 -32"><span class='ocrx_word' id='word_1_103' title='bbox 76 1098 140 1208; x_wconf 51' lang='lat'>{²¹2⁵</span> <span class='ocrx_word' id='word_1_104' title='bbox 152 1105 205 1210; x_wconf 52' lang='lat'>{1¹5}</span> <span class='ocrx_word' id='word_1_105' title='bbox 233 1124 434 1199; x_wconf 86' lang='lat' dir='ltr'>rempublicam</span> <span class='ocrx_word' id='word_1_106' title='bbox 447 1123 498 1182; x_wconf 92' lang='lat' dir='ltr'>suis</span> <span class='ocrx_word' id='word_1_107' title='bbox 509 1125 627 1191; x_wconf 84' lang='lat' dir='ltr'>consiliis</span> <span class='ocrx_word' id='word_1_108' title='bbox 645 1138 693 1184; x_wconf 89' lang='lat' dir='ltr'>aut</span> <span class='ocrx_word' id='word_1_109' title='bbox 705 1125 896 1185; x_wconf 83' lang='lat' dir='ltr'>laboribusaut</span> <span class='ocrx_word' id='word_1_110' title='bbox 902 1130 1047 1202; x_wconf 82' lang='lat' dir='ltr'>auxerint,</span> <span class='ocrx_word' id='word_1_111' title='bbox 1066 1142 1112 1193; x_wconf 88' lang='lat' dir='ltr'>aut</span> 
     </span>
     <span class='ocr_line' id='line_1_15' title="bbox 75 1179 1115 1289; baseline 0.007 -27"><span class='ocrx_word' id='word_1_112' title='bbox 75 1179 210 1274; x_wconf 47' lang='lat' dir='ltr'>mssson‘sel</span> <span class='ocrx_word' id='word_1_113' title='bbox 233 1198 685 1289; x_wconf 76' lang='lat' dir='ltr'>defenderint,autservarint,esse</span> <span class='ocrx_word' id='word_1_114' title='bbox 692 1200 881 1262; x_wconf 86' lang='lat' dir='ltr'>immortalem</span> <span class='ocrx_word' id='word_1_115' title='bbox 887 1202 1006 1279; x_wconf 87' lang='lat' dir='ltr'>gloriam</span> <span class='ocrx_word' id='word_1_116' title='bbox 1021 1192 1115 1269; x_wconf 68' lang='grc' dir='ltr'>ιιέοιι-Ι</span> 
     </span>
     <span class='ocr_line' id='line_1_16' title="bbox 75 1274 1120 1349; baseline -0.001 -12"><span class='ocrx_word' id='word_1_117' title='bbox 75 1298 183 1339; x_wconf 75' lang='lat' dir='ltr'>tuturos.</span> <span class='ocrx_word' id='word_1_118' title='bbox 228 1274 351 1338; x_wconf 87' lang='lat' dir='ltr'>secutos.</span> <span class='ocrx_word' id='word_1_119' title='bbox 1117 1344 1120 1349; x_wconf 21' lang='lat'>⁸</span> 
     </span>
     <span class='ocr_line' id='line_1_17' title="bbox 175 1354 1114 1433; baseline 0.012 -21"><span class='ocrx_word' id='word_1_120' title='bbox 175 1368 228 1424; x_wconf 85' lang='lat'>144</span> <span class='ocrx_word' id='word_1_121' title='bbox 272 1356 376 1415; x_wconf 86' lang='lat' dir='ltr'>LXIX.</span> <span class='ocrx_word' id='word_1_122' title='bbox 394 1354 465 1415; x_wconf 84' lang='lat' dir='ltr'>Sao</span> <span class='ocrx_word' id='word_1_123' title='bbox 488 1373 536 1413; x_wconf 81' lang='lat' dir='ltr'>ua</span> <span class='ocrx_word' id='word_1_124' title='bbox 557 1354 686 1432; x_wconf 74' lang='lat' dir='ltr'>repente,</span> <span class='ocrx_word' id='word_1_125' title='bbox 703 1356 829 1433; x_wconf 86' lang='lat' dir='ltr'>judices,</span> <span class='ocrx_word' id='word_1_126' title='bbox 848 1354 885 1415; x_wconf 94' lang='lat' dir='ltr'>de</span> <span class='ocrx_word' id='word_1_127' title='bbox 899 1356 1114 1423; x_wconf 85' lang='lat' dir='ltr'>fortiffimomm</span> 
     </span>
    </p>

    <p class='ocr_par' dir='ltr' id='par_1_3' title="bbox 233 1429 1113 1508">
     <span class='ocr_line' id='line_1_18' title="bbox 233 1429 1113 1508; baseline 0.01 -18"><span class='ocrx_word' id='word_1_128' title='bbox 233 1430 263 1490; x_wconf 71' lang='grc' dir='ltr'>δε</span> <span class='ocrx_word' id='word_1_129' title='bbox 277 1432 485 1493; x_wconf 76' lang='lat' dir='ltr'>clarissimorum</span> <span class='ocrx_word' id='word_1_130' title='bbox 494 1429 598 1490; x_wconf 86' lang='lat' dir='ltr'>civium</span> <span class='ocrx_word' id='word_1_131' title='bbox 608 1432 739 1508; x_wconf 80' lang='lat' dir='ltr'>dignitate</span> <span class='ocrx_word' id='word_1_132' title='bbox 758 1434 788 1491; x_wconf 88' lang='lat'>&amp;</span> <span class='ocrx_word' id='word_1_133' title='bbox 800 1432 889 1508; x_wconf 87' lang='lat' dir='ltr'>gloria</span> <span class='ocrx_word' id='word_1_134' title='bbox 902 1434 1064 1508; x_wconf 86' lang='lat' dir='ltr'>dicentem,</span> <span class='ocrx_word' id='word_1_135' title='bbox 1082 1440 1113 1499; x_wconf 72' lang='grc' dir='ltr'>δι</span> 
     </span>
    </p>

    <p class='ocr_par' dir='ltr' id='par_1_4' title="bbox 75 1507 1117 1659">
     <span class='ocr_line' id='line_1_19' title="bbox 75 1507 1114 1596; baseline 0.02 -40"><span class='ocrx_word' id='word_1_136' title='bbox 75 1510 101 1556; x_wconf 79' lang='lat' dir='ltr'>r.</span> <span class='ocrx_word' id='word_1_137' title='bbox 113 1513 222 1567; x_wconf 81' lang='lat' dir='ltr'>xxvttt.</span> <span class='ocrx_word' id='word_1_138' title='bbox 232 1508 310 1584; x_wconf 84' lang='lat' dir='ltr'>plura</span> <span class='ocrx_word' id='word_1_139' title='bbox 323 1512 408 1596; x_wconf 80' lang='lat' dir='ltr'>etiarn</span> <span class='ocrx_word' id='word_1_140' title='bbox 424 1507 516 1593; x_wconf 83' lang='lat' dir='ltr'>dicere</span> <span class='ocrx_word' id='word_1_141' title='bbox 536 1520 697 1595; x_wconf 82' lang='lat' dir='ltr'>parantem,</span> <span class='ocrx_word' id='word_1_142' title='bbox 724 1510 828 1567; x_wconf 92' lang='lat' dir='ltr'>horum</span> <span class='ocrx_word' id='word_1_143' title='bbox 849 1508 988 1596; x_wconf 69' lang='lat' dir='ltr'>adspesius</span> <span class='ocrx_word' id='word_1_144' title='bbox 1005 1514 1036 1573; x_wconf 90' lang='lat' dir='ltr'>in</span> <span class='ocrx_word' id='word_1_145' title='bbox 1055 1515 1114 1591; x_wconf 88' lang='lat' dir='ltr'>ipso</span> 
     </span>
     <span class='ocr_line' id='line_1_20' title="bbox 204 1583 1117 1659; baseline 0.004 -11"><span class='ocrx_word' id='word_1_146' title='bbox 204 1644 207 1649; x_wconf 84' lang='lat'>.</span> <span class='ocrx_word' id='word_1_147' title='bbox 234 1587 312 1645; x_wconf 89' lang='lat' dir='ltr'>cursu</span> <span class='ocrx_word' id='word_1_148' title='bbox 325 1599 457 1645; x_wconf 88' lang='lat' dir='ltr'>oranonrs</span> <span class='ocrx_word' id='word_1_149' title='bbox 469 1584 598 1659; x_wconf 84' lang='lat' dir='ltr'>repreffit.</span> <span class='ocrx_word' id='word_1_150' title='bbox 635 1583 731 1644; x_wconf 79' lang='lat' dir='ltr'>Video</span> <span class='ocrx_word' id='word_1_151' title='bbox 745 1586 775 1643; x_wconf 85' lang='grc' dir='ltr'>Ρ.</span> <span class='ocrx_word' id='word_1_152' title='bbox 783 1585 909 1645; x_wconf 83' lang='lat' dir='ltr'>Sextium</span> <span class='ocrx_word' id='word_1_153' title='bbox 923 1629 932 1654; x_wconf 93' lang='lat'>,</span> <span class='ocrx_word' id='word_1_154' title='bbox 959 1605 1034 1649; x_wconf 87' lang='lat' dir='ltr'>meae</span> <span class='ocrx_word' id='word_1_155' title='bbox 1046 1592 1117 1653; x_wconf 89' lang='lat' dir='ltr'>saln-</span> 
     </span>
    </p>

    <p class='ocr_par' dir='ltr' id='par_1_5' title="bbox 230 1659 1114 1818">
     <span class='ocr_line' id='line_1_21' title="bbox 230 1659 1114 1740; baseline 0.007 -19"><span class='ocrx_word' id='word_1_156' title='bbox 230 1663 289 1733; x_wconf 83' lang='lat' dir='ltr'>tis,</span> <span class='ocrx_word' id='word_1_157' title='bbox 308 1662 404 1722; x_wconf 86' lang='lat' dir='ltr'>vestrae</span> <span class='ocrx_word' id='word_1_158' title='bbox 423 1659 615 1732; x_wconf 75' lang='lat' dir='ltr'>austeritatis,</span> <span class='ocrx_word' id='word_1_159' title='bbox 634 1660 753 1738; x_wconf 81' lang='lat' dir='ltr'>publicae</span> <span class='ocrx_word' id='word_1_160' title='bbox 766 1661 854 1721; x_wconf 86' lang='lat' dir='ltr'>causae</span> <span class='ocrx_word' id='word_1_161' title='bbox 875 1662 1114 1740; x_wconf 63' lang='lat' dir='ltr'>”defensorem</span> 
     </span>
     <span class='ocr_line' id='line_1_22' title="bbox 230 1736 1114 1818; baseline 0.009 -21"><span class='ocrx_word' id='word_1_162' title='bbox 230 1751 483 1816; x_wconf 81' lang='lat' dir='ltr'>propugnatorem,</span> <span class='ocrx_word' id='word_1_163' title='bbox 502 1737 669 1809; x_wconf 63' lang='lat' dir='ltr'>auderem,</span> <span class='ocrx_word' id='word_1_164' title='bbox 688 1756 785 1797; x_wconf 85' lang='lat' dir='ltr'>teum:</span> <span class='ocrx_word' id='word_1_165' title='bbox 805 1736 889 1797; x_wconf 89' lang='lat' dir='ltr'>video</span> <span class='ocrx_word' id='word_1_166' title='bbox 902 1739 979 1800; x_wconf 87' lang='lat' dir='ltr'>hunc</span> <span class='ocrx_word' id='word_1_167' title='bbox 992 1755 1114 1818; x_wconf 85' lang='lat' dir='ltr'>praeter-</span> 
     </span>
    </p>

    <p class='ocr_par' dir='ltr' id='par_1_6' title="bbox 229 1814 1113 1892">
     <span class='ocr_line' id='line_1_23' title="bbox 229 1814 1113 1892; baseline 0.008 -17"><span class='ocrx_word' id='word_1_168' title='bbox 229 1829 320 1881; x_wconf 83' lang='lat' dir='ltr'>tatum</span> <span class='ocrx_word' id='word_1_169' title='bbox 328 1818 386 1889; x_wconf 85' lang='lat' dir='ltr'>ejus</span> <span class='ocrx_word' id='word_1_170' title='bbox 392 1814 480 1873; x_wconf 82' lang='lat' dir='ltr'>filium</span> <span class='ocrx_word' id='word_1_171' title='bbox 487 1815 576 1875; x_wconf 88' lang='lat' dir='ltr'>oculis</span> <span class='ocrx_word' id='word_1_172' title='bbox 588 1815 803 1892; x_wconf 82' lang='lat' dir='ltr'>lacrymantibus</span> <span class='ocrx_word' id='word_1_173' title='bbox 814 1828 862 1873; x_wconf 87' lang='lat' dir='ltr'>me</span> <span class='ocrx_word' id='word_1_174' title='bbox 875 1816 1049 1880; x_wconf 80' lang='lat' dir='ltr'>intuentem:</span> <span class='ocrx_word' id='word_1_175' title='bbox 1069 1823 1113 1883; x_wconf 78' lang='lat' dir='ltr'>ri-</span> 
     </span>
    </p>

    <p class='ocr_par' dir='ltr' id='par_1_7' title="bbox 231 1889 1113 1961">
     <span class='ocr_line' id='line_1_24' title="bbox 231 1889 1113 1961; baseline 0.008 -10"><span class='ocrx_word' id='word_1_176' title='bbox 231 1890 289 1951; x_wconf 89' lang='lat' dir='ltr'>deo</span> <span class='ocrx_word' id='word_1_177' title='bbox 303 1893 460 1960; x_wconf 89' lang='lat' dir='ltr'>Milouem,</span> <span class='ocrx_word' id='word_1_178' title='bbox 479 1890 622 1951; x_wconf 85' lang='lat' dir='ltr'>vindicem</span> <span class='ocrx_word' id='word_1_179' title='bbox 643 1892 739 1949; x_wconf 81' lang='lat' dir='ltr'>vestrae</span> <span class='ocrx_word' id='word_1_180' title='bbox 750 1889 895 1961; x_wconf 84' lang='lat' dir='ltr'>libertatis,</span> <span class='ocrx_word' id='word_1_181' title='bbox 915 1893 1060 1955; x_wconf 86' lang='lat' dir='ltr'>custodem</span> <span class='ocrx_word' id='word_1_182' title='bbox 1071 1898 1113 1959; x_wconf 89' lang='lat' dir='ltr'>sa·</span> 
     </span>
    </p>

    <p class='ocr_par' dir='ltr' id='par_1_8' title="bbox 231 1964 1113 2120">
     <span class='ocr_line' id='line_1_25' title="bbox 231 1964 1111 2043; baseline 0.007 -14"><span class='ocrx_word' id='word_1_183' title='bbox 231 1970 296 2029; x_wconf 88' lang='lat' dir='ltr'>lutis</span> <span class='ocrx_word' id='word_1_184' title='bbox 316 1987 404 2038; x_wconf 86' lang='lat' dir='ltr'>meae,</span> <span class='ocrx_word' id='word_1_185' title='bbox 423 1964 570 2027; x_wconf 87' lang='lat' dir='ltr'>subsidium</span> <span class='ocrx_word' id='word_1_186' title='bbox 586 1967 697 2027; x_wconf 75' lang='lat' dir='ltr'>afflislae</span> <span class='ocrx_word' id='word_1_187' title='bbox 717 1965 892 2043; x_wconf 88' lang='lat' dir='ltr'>reipublicae,</span> <span class='ocrx_word' id='word_1_188' title='bbox 914 1969 1111 2035; x_wconf 73' lang='lat' dir='ltr'>exstinctorem</span> 
     </span>
     <span class='ocr_line' id='line_1_26' title="bbox 232 2042 1113 2120; baseline 0.001 -11"><span class='ocrx_word' id='word_1_189' title='bbox 232 2047 380 2109; x_wconf 88' lang='lat' dir='ltr'>domestici</span> <span class='ocrx_word' id='word_1_190' title='bbox 391 2045 547 2115; x_wconf 90' lang='lat' dir='ltr'>latrocinii,</span> <span class='ocrx_word' id='word_1_191' title='bbox 562 2042 742 2120; x_wconf 80' lang='lat' dir='ltr'>repressorem</span> <span class='ocrx_word' id='word_1_192' title='bbox 754 2042 840 2104; x_wconf 82' lang='lat' dir='ltr'>caedts</span> <span class='ocrx_word' id='word_1_193' title='bbox 853 2045 1045 2120; x_wconf 84' lang='lat' dir='ltr'>quotidianae,</span> <span class='ocrx_word' id='word_1_194' title='bbox 1064 2049 1113 2109; x_wconf 88' lang='lat' dir='ltr'>de·</span> 
     </span>
    </p>

    <p class='ocr_par' dir='ltr' id='par_1_9' title="bbox 228 2119 1118 2281">
     <span class='ocr_line' id='line_1_27' title="bbox 228 2119 1118 2199; baseline 0.002 -14"><span class='ocrx_word' id='word_1_195' title='bbox 228 2124 369 2188; x_wconf 84' lang='lat' dir='ltr'>feusorem</span> <span class='ocrx_word' id='word_1_196' title='bbox 381 2119 551 2195; x_wconf 90' lang='lat' dir='ltr'>templorum</span> <span class='ocrx_word' id='word_1_197' title='bbox 570 2133 598 2179; x_wconf 87' lang='lat' dir='ltr'>at</span> <span class='ocrx_word' id='word_1_198' title='bbox 618 2139 655 2180; x_wconf 93' lang='lat' dir='ltr'>ue</span> <span class='ocrx_word' id='word_1_199' title='bbox 666 2119 824 2190; x_wconf 61' lang='lat' dir='ltr'>mdiorum,</span> <span class='ocrx_word' id='word_1_200' title='bbox 837 2120 995 2197; x_wconf 83' lang='lat' dir='ltr'>praesidium</span> <span class='ocrx_word' id='word_1_201' title='bbox 1008 2127 1118 2199; x_wconf 79' lang='lat' dir='ltr'>cutiae,&#39;</span> 
     </span>
     <span class='ocr_line' id='line_1_28' title="bbox 230 2139 1112 2281; baseline 0.002 -22"><span class='ocrx_word' id='word_1_202' title='bbox 230 2198 400 2265; x_wconf 86' lang='lat' dir='ltr'>sordidatum</span> <span class='ocrx_word' id='word_1_203' title='bbox 416 2196 446 2252; x_wconf 73' lang='grc' dir='ltr'>δι</span> <span class='ocrx_word' id='word_1_204' title='bbox 459 2212 556 2253; x_wconf 82' lang='lat' dir='ltr'>teum:</span> <span class='ocrx_word' id='word_1_205' title='bbox 575 2139 660 2255; x_wconf 40' lang='lat' dir='ltr'>visco</span> <span class='ocrx_word' id='word_1_206' title='bbox 672 2197 883 2266; x_wconf 87' lang='lat' dir='ltr'>P.Lentulum,</span> <span class='ocrx_word' id='word_1_207' title='bbox 903 2198 982 2273; x_wconf 86' lang='lat' dir='ltr'>cujus</span> <span class='ocrx_word' id='word_1_208' title='bbox 993 2216 1049 2277; x_wconf 84' lang='lat' dir='ltr'>ego</span> <span class='ocrx_word' id='word_1_209' title='bbox 1062 2221 1112 2281; x_wconf 84' lang='lat' dir='ltr'>pa-</span> 
     </span>
    </p>

    <p class='ocr_par' dir='ltr' id='par_1_10' title="bbox 232 2272 1112 2345">
     <span class='ocr_line' id='line_1_29' title="bbox 232 2272 1112 2345; baseline 0.001 -6"><span class='ocrx_word' id='word_1_210' title='bbox 232 2292 322 2343; x_wconf 90' lang='lat' dir='ltr'>trem,</span> <span class='ocrx_word' id='word_1_211' title='bbox 348 2272 434 2331; x_wconf 92' lang='lat' dir='ltr'>deum</span> <span class='ocrx_word' id='word_1_212' title='bbox 461 2287 493 2328; x_wconf 85' lang='lat' dir='ltr'>ac</span> <span class='ocrx_word' id='word_1_213' title='bbox 514 2283 659 2345; x_wconf 89' lang='lat' dir='ltr'>patentem</span> <span class='ocrx_word' id='word_1_214' title='bbox 680 2272 769 2333; x_wconf 89' lang='lat' dir='ltr'>statuo</span> <span class='ocrx_word' id='word_1_215' title='bbox 789 2275 910 2332; x_wconf 85' lang='lat' dir='ltr'>fortunae</span> <span class='ocrx_word' id='word_1_216' title='bbox 934 2293 967 2334; x_wconf 87' lang='lat' dir='ltr'>ac</span> <span class='ocrx_word' id='word_1_217' title='bbox 988 2280 1112 2341; x_wconf 80' lang='lat' dir='ltr'>nominis</span> 
     </span>
    </p>
   </div>
   <div class='ocr_carea' id='block_1_3' title="bbox 230 2347 1113 2495">
    <p class='ocr_par' dir='ltr' id='par_1_11' title="bbox 230 2347 1113 2495">
     <span class='ocr_line' id='line_1_30' title="bbox 230 2347 1111 2493; baseline -0.006 -77"><span class='ocrx_word' id='word_1_218' title='bbox 230 2354 290 2417; x_wconf 88' lang='lat' dir='ltr'>mei</span> <span class='ocrx_word' id='word_1_219' title='bbox 308 2352 338 2411; x_wconf 91' lang='lat'>&amp;</span> <span class='ocrx_word' id='word_1_220' title='bbox 349 2349 437 2410; x_wconf 85' lang='lat' dir='ltr'>fratris</span> <span class='ocrx_word' id='word_1_221' title='bbox 454 2363 604 2426; x_wconf 89' lang='lat' dir='ltr'>rerumque</span> <span class='ocrx_word' id='word_1_222' title='bbox 616 2347 786 2420; x_wconf 83' lang='lat' dir='ltr'>nostrarum,</span> <span class='ocrx_word' id='word_1_223' title='bbox 804 2353 834 2411; x_wconf 90' lang='lat' dir='ltr'>in</span> <span class='ocrx_word' id='word_1_224' title='bbox 847 2351 904 2409; x_wconf 89' lang='lat' dir='ltr'>hoc</span> <span class='ocrx_word' id='word_1_225' title='bbox 917 2352 1018 2414; x_wconf 84' lang='lat' dir='ltr'>misero</span> <span class='ocrx_word' id='word_1_226' title='bbox 1032 2355 1111 2493; x_wconf 53' lang='grc' dir='ltr'>Ἧι.</span> 
     </span>
     <span class='ocr_line' id='line_1_31' title="bbox 1082 2450 1113 2495; baseline 0.065 -2"><span class='ocrx_word' id='word_1_227' title='bbox 1082 2450 1113 2495; x_wconf 85' lang='lat' dir='ltr'>re</span> 
     </span>
    </p>
   </div>
   <div class='ocr_carea' id='block_1_4' title="bbox 191 2545 1118 3437">
    <p class='ocr_par' dir='ltr' id='par_1_12' title="bbox 227 2545 1118 2795">
     <span class='ocr_line' id='line_1_32' title="bbox 230 2545 1110 2618; baseline -0.002 -15"><span class='ocrx_word' id='word_1_228' title='bbox 230 2552 290 2618; x_wconf 74' lang='lat' dir='ltr'>sape</span> <span class='ocrx_word' id='word_1_229' title='bbox 301 2552 391 2600; x_wconf 84' lang='lat' dir='ltr'>Cicero</span> <span class='ocrx_word' id='word_1_230' title='bbox 403 2558 590 2597; x_wconf 85' lang='lat' dir='ltr'>commemorat.</span> <span class='ocrx_word' id='word_1_231' title='bbox 613 2545 705 2597; x_wconf 80' lang='lat' dir='ltr'>sedhic</span> <span class='ocrx_word' id='word_1_232' title='bbox 717 2558 788 2595; x_wconf 84' lang='lat' dir='ltr'>aetate</span> <span class='ocrx_word' id='word_1_233' title='bbox 803 2548 858 2611; x_wconf 87' lang='lat' dir='ltr'>post</span> <span class='ocrx_word' id='word_1_234' title='bbox 869 2546 995 2597; x_wconf 78' lang='lat' dir='ltr'>AEmilinm</span> <span class='ocrx_word' id='word_1_235' title='bbox 1005 2546 1060 2599; x_wconf 81' lang='lat' dir='ltr'>firit.</span> <span class='ocrx_word' id='word_1_236' title='bbox 1081 2558 1110 2601; x_wconf 87' lang='lat' dir='ltr'>ut</span> 
     </span>
     <span class='ocr_line' id='line_1_33' title="bbox 228 2607 1118 2670; baseline -0.003 -4"><span class='ocrx_word' id='word_1_237' title='bbox 228 2613 343 2670; x_wconf 75' lang='lat' dir='ltr'>sortasse,</span> <span class='ocrx_word' id='word_1_238' title='bbox 361 2620 460 2669; x_wconf 63' lang='lat' dir='ltr'>cornis,</span> <span class='ocrx_word' id='word_1_239' title='bbox 476 2613 555 2660; x_wconf 85' lang='lat' dir='ltr'>verius</span> <span class='ocrx_word' id='word_1_240' title='bbox 566 2611 653 2668; x_wconf 82' lang='lat' dir='ltr'>farerit,</span> <span class='ocrx_word' id='word_1_241' title='bbox 670 2610 709 2660; x_wconf 90' lang='lat' dir='ltr'>sed</span> <span class='ocrx_word' id='word_1_242' title='bbox 721 2612 807 2661; x_wconf 76' lang='lat' dir='ltr'>littere</span> <span class='ocrx_word' id='word_1_243' title='bbox 818 2612 924 2659; x_wconf 87' lang='lat' dir='ltr'>nimium</span> <span class='ocrx_word' id='word_1_244' title='bbox 935 2607 1057 2661; x_wconf 85' lang='lat' dir='ltr'>differunt.</span> <span class='ocrx_word' id='word_1_245' title='bbox 1071 2614 1118 2663; x_wconf 79' lang='lat' dir='ltr'>vi·.</span> 
     </span>
     <span class='ocr_line' id='line_1_34' title="bbox 228 2674 1109 2732; baseline -0.007 -1"><span class='ocrx_word' id='word_1_246' title='bbox 228 2681 261 2732; x_wconf 89' lang='lat' dir='ltr'>de</span> <span class='ocrx_word' id='word_1_247' title='bbox 271 2681 301 2729; x_wconf 95' lang='lat' dir='ltr'>de</span> <span class='ocrx_word' id='word_1_248' title='bbox 313 2683 373 2728; x_wconf 87' lang='lat' dir='ltr'>Nar.</span> <span class='ocrx_word' id='word_1_249' title='bbox 386 2680 461 2725; x_wconf 86' lang='lat' dir='ltr'>Deot.</span> <span class='ocrx_word' id='word_1_250' title='bbox 473 2674 517 2726; x_wconf 88' lang='lat' dir='ltr'>lib.</span> <span class='ocrx_word' id='word_1_251' title='bbox 527 2690 563 2725; x_wconf 88' lang='lat' dir='ltr'>rr.</span> <span class='ocrx_word' id='word_1_252' title='bbox 577 2676 619 2724; x_wconf 86' lang='lat' dir='ltr'>ubi</span> <span class='ocrx_word' id='word_1_253' title='bbox 628 2690 682 2724; x_wconf 87' lang='lat' dir='ltr'>noo</span> <span class='ocrx_word' id='word_1_254' title='bbox 692 2676 828 2724; x_wconf 87' lang='lat' dir='ltr'>Lentulum</span> <span class='ocrx_word' id='word_1_255' title='bbox 837 2675 967 2732; x_wconf 82' lang='lat' dir='ltr'>nominat,</span> <span class='ocrx_word' id='word_1_256' title='bbox 979 2674 1019 2724; x_wconf 91' lang='lat' dir='ltr'>sed</span> <span class='ocrx_word' id='word_1_257' title='bbox 1030 2682 1109 2727; x_wconf 87' lang='lat' dir='ltr'>cato·</span> 
     </span>
     <span class='ocr_line' id='line_1_35' title="bbox 227 2743 435 2795; baseline -0.01 -4"><span class='ocrx_word' id='word_1_258' title='bbox 227 2759 294 2795; x_wconf 79' lang='lat' dir='ltr'>nem.</span> <span class='ocrx_word' id='word_1_259' title='bbox 314 2743 435 2791; x_wconf 73' lang='lat' dir='ltr'>P.Mantst.</span> 
     </span>
    </p>

    <p class='ocr_par' dir='ltr' id='par_1_13' title="bbox 223 2799 1109 3056">
     <span class='ocr_line' id='line_1_36' title="bbox 260 2799 1109 2865; baseline 0 -12"><span class='ocrx_word' id='word_1_260' title='bbox 260 2824 299 2863; x_wconf 83' lang='lat'>75.</span> <span class='ocrx_word' id='word_1_261' title='bbox 318 2805 468 2863; x_wconf 68' lang='lat' dir='ltr'>Defensdrrm,</span> <span class='ocrx_word' id='word_1_262' title='bbox 499 2815 671 2865; x_wconf 72' lang='lat' dir='ltr'>repugnatorem,</span> <span class='ocrx_word' id='word_1_263' title='bbox 687 2803 815 2861; x_wconf 63' lang='lat' dir='ltr'>auderem]</span> <span class='ocrx_word' id='word_1_264' title='bbox 843 2799 913 2849; x_wconf 83' lang='lat' dir='ltr'>Nihil</span> <span class='ocrx_word' id='word_1_265' title='bbox 925 2799 997 2849; x_wconf 85' lang='lat' dir='ltr'>video</span> <span class='ocrx_word' id='word_1_266' title='bbox 1010 2814 1050 2853; x_wconf 75' lang='lat' dir='ltr'>aut</span> <span class='ocrx_word' id='word_1_267' title='bbox 1060 2803 1109 2853; x_wconf 78' lang='lat' dir='ltr'>ite-</span> 
     </span>
     <span class='ocr_line' id='line_1_37' title="bbox 225 2815 1107 2930; baseline -0.006 -8"><span class='ocrx_word' id='word_1_268' title='bbox 225 2871 274 2922; x_wconf 89' lang='lat' dir='ltr'>rari</span> <span class='ocrx_word' id='word_1_269' title='bbox 287 2882 327 2917; x_wconf 86' lang='lat' dir='ltr'>aur</span> <span class='ocrx_word' id='word_1_270' title='bbox 340 2866 434 2930; x_wconf 87' lang='lat' dir='ltr'>augeri:</span> <span class='ocrx_word' id='word_1_271' title='bbox 451 2815 497 2913; x_wconf 65' lang='lat' dir='ltr'>ses</span> <span class='ocrx_word' id='word_1_272' title='bbox 503 2864 539 2914; x_wconf 87' lang='lat' dir='ltr'>sin</span> <span class='ocrx_word' id='word_1_273' title='bbox 574 2866 605 2913; x_wconf 88' lang='lat' dir='ltr'>lis</span> <span class='ocrx_word' id='word_1_274' title='bbox 617 2863 711 2930; x_wconf 79' lang='lat' dir='ltr'>fingula</span> <span class='ocrx_word' id='word_1_275' title='bbox 722 2862 848 2912; x_wconf 86' lang='lat' dir='ltr'>reserenda</span> <span class='ocrx_word' id='word_1_276' title='bbox 860 2865 885 2913; x_wconf 85' lang='lat'>&amp;</span> <span class='ocrx_word' id='word_1_277' title='bbox 898 2862 1030 2915; x_wconf 84' lang='lat' dir='ltr'>reddenda.</span> <span class='ocrx_word' id='word_1_278' title='bbox 1045 2868 1107 2917; x_wconf 84' lang='lat' dir='ltr'>Meta</span> 
     </span>
     <span class='ocr_line' id='line_1_38' title="bbox 223 2927 1106 2992; baseline -0.006 -8"><span class='ocrx_word' id='word_1_279' title='bbox 223 2935 308 2986; x_wconf 84' lang='lat' dir='ltr'>saluus</span> <span class='ocrx_word' id='word_1_280' title='bbox 321 2927 488 2984; x_wconf 82' lang='lat' dir='ltr'>defensorem,</span> <span class='ocrx_word' id='word_1_281' title='bbox 505 2943 534 2977; x_wconf 88' lang='lat' dir='ltr'>ve</span> <span class='ocrx_word' id='word_1_282' title='bbox 556 2944 585 2977; x_wconf 78' lang='lat' dir='ltr'>ra</span> <span class='ocrx_word' id='word_1_283' title='bbox 597 2928 750 2978; x_wconf 70' lang='lat' dir='ltr'>auetoritatis</span> <span class='ocrx_word' id='word_1_284' title='bbox 763 2938 986 2991; x_wconf 88' lang='lat' dir='ltr'>propugnatorem,</span> <span class='ocrx_word' id='word_1_285' title='bbox 1004 2929 1106 2992; x_wconf 70' lang='lat' dir='ltr'>publice</span> 
     </span>
     <span class='ocr_line' id='line_1_39' title="bbox 223 2990 1108 3056; baseline -0.01 -9"><span class='ocrx_word' id='word_1_286' title='bbox 223 2995 307 3047; x_wconf 82' lang='lat' dir='ltr'>eauffe</span> <span class='ocrx_word' id='word_1_287' title='bbox 318 2994 450 3042; x_wconf 70' lang='lat' dir='ltr'>aridiorem.</span> <span class='ocrx_word' id='word_1_288' title='bbox 466 2997 550 3039; x_wconf 75' lang='lat' dir='ltr'>Horam.</span> <span class='ocrx_word' id='word_1_289' title='bbox 570 2992 661 3041; x_wconf 64' lang='lat' dir='ltr'>nudor</span> <span class='ocrx_word' id='word_1_290' title='bbox 671 2991 771 3056; x_wconf 74' lang='lat' dir='ltr'>publica</span> <span class='ocrx_word' id='word_1_291' title='bbox 783 2990 855 3039; x_wconf 78' lang='lat' dir='ltr'>cause</span> <span class='ocrx_word' id='word_1_292' title='bbox 868 2990 911 3046; x_wconf 90' lang='lat' dir='ltr'>est,</span> <span class='ocrx_word' id='word_1_293' title='bbox 918 2991 960 3055; x_wconf 90' lang='lat' dir='ltr'>qui</span> <span class='ocrx_word' id='word_1_294' title='bbox 972 3004 1029 3039; x_wconf 87' lang='lat' dir='ltr'>eam</span> <span class='ocrx_word' id='word_1_295' title='bbox 1039 2992 1108 3056; x_wconf 82' lang='lat' dir='ltr'>quasi</span> 
     </span>
    </p>

    <p class='ocr_par' dir='ltr' id='par_1_14' title="bbox 191 3052 1114 3437">
     <span class='ocr_line' id='line_1_40' title="bbox 191 3052 1108 3125; baseline -0.004 -15"><span class='ocrx_word' id='word_1_296' title='bbox 191 3074 196 3090; x_wconf 84' lang='lat'>¹</span> <span class='ocrx_word' id='word_1_297' title='bbox 222 3062 282 3125; x_wconf 84' lang='lat' dir='ltr'>reip.</span> <span class='ocrx_word' id='word_1_298' title='bbox 295 3058 398 3107; x_wconf 90' lang='lat' dir='ltr'>nomine</span> <span class='ocrx_word' id='word_1_299' title='bbox 409 3052 511 3118; x_wconf 80' lang='lat' dir='ltr'>suscipit.</span> <span class='ocrx_word' id='word_1_300' title='bbox 535 3058 602 3103; x_wconf 83' lang='lat' dir='ltr'>Nam</span> <span class='ocrx_word' id='word_1_301' title='bbox 613 3054 835 3104; x_wconf 68' lang='lat' dir='ltr'>Audorinterdum</span> <span class='ocrx_word' id='word_1_302' title='bbox 846 3053 878 3102; x_wconf 87' lang='lat' dir='ltr'>est</span> <span class='ocrx_word' id='word_1_303' title='bbox 890 3055 933 3118; x_wconf 92' lang='lat' dir='ltr'>qui</span> <span class='ocrx_word' id='word_1_304' title='bbox 944 3069 989 3117; x_wconf 87' lang='lat' dir='ltr'>pro</span> <span class='ocrx_word' id='word_1_305' title='bbox 1002 3058 1053 3103; x_wconf 86' lang='lat' dir='ltr'>alio</span> <span class='ocrx_word' id='word_1_306' title='bbox 1064 3071 1108 3121; x_wconf 87' lang='lat' dir='ltr'>ge-</span> 
     </span>
     <span class='ocr_line' id='line_1_41' title="bbox 221 3117 1108 3187; baseline -0.006 -13"><span class='ocrx_word' id='word_1_307' title='bbox 221 3126 254 3175; x_wconf 91' lang='lat' dir='ltr'>rit</span> <span class='ocrx_word' id='word_1_308' title='bbox 271 3130 299 3171; x_wconf 86' lang='lat' dir='ltr'>ae</span> <span class='ocrx_word' id='word_1_309' title='bbox 315 3124 382 3187; x_wconf 83' lang='lat' dir='ltr'>agit,</span> <span class='ocrx_word' id='word_1_310' title='bbox 393 3132 418 3168; x_wconf 92' lang='lat' dir='ltr'>ut</span> <span class='ocrx_word' id='word_1_311' title='bbox 430 3117 502 3167; x_wconf 89' lang='lat' dir='ltr'>docet</span> <span class='ocrx_word' id='word_1_312' title='bbox 513 3117 536 3183; x_wconf 86' lang='lat' dir='ltr'>J.</span> <span class='ocrx_word' id='word_1_313' title='bbox 550 3122 588 3167; x_wconf 80' lang='lat' dir='ltr'>Fr.</span> <span class='ocrx_word' id='word_1_314' title='bbox 602 3119 743 3167; x_wconf 76' lang='lat' dir='ltr'>Gronovius</span> <span class='ocrx_word' id='word_1_315' title='bbox 757 3134 793 3167; x_wconf 85' lang='lat' dir='ltr'>rr.</span> <span class='ocrx_word' id='word_1_316' title='bbox 806 3117 837 3166; x_wconf 88' lang='lat' dir='ltr'>de</span> <span class='ocrx_word' id='word_1_317' title='bbox 848 3122 963 3167; x_wconf 72' lang='lat' dir='ltr'>leaves.</span> <span class='ocrx_word' id='word_1_318' title='bbox 976 3130 997 3166; x_wconf 88' lang='lat' dir='ltr'>c.</span> <span class='ocrx_word' id='word_1_319' title='bbox 1006 3134 1028 3175; x_wconf 72' lang='lat' dir='ltr'>a.</span> <span class='ocrx_word' id='word_1_320' title='bbox 1042 3122 1108 3169; x_wconf 78' lang='lat' dir='ltr'>Hinc</span> 
     </span>
     <span class='ocr_line' id='line_1_42' title="bbox 220 3183 1110 3246; baseline -0.006 -11"><span class='ocrx_word' id='word_1_321' title='bbox 220 3185 303 3238; x_wconf 78' lang='lat' dir='ltr'>Festus</span> <span class='ocrx_word' id='word_1_322' title='bbox 313 3188 362 3234; x_wconf 80' lang='lat' dir='ltr'>a&#39;tt:</span> <span class='ocrx_word' id='word_1_323' title='bbox 381 3185 477 3243; x_wconf 62' lang='lat' dir='ltr'>(rariter</span> <span class='ocrx_word' id='word_1_324' title='bbox 487 3184 529 3243; x_wconf 64' lang='lat' dir='ltr'>ars,</span> <span class='ocrx_word' id='word_1_325' title='bbox 545 3185 587 3246; x_wconf 81' lang='lat' dir='ltr'>qui</span> <span class='ocrx_word' id='word_1_326' title='bbox 596 3184 657 3229; x_wconf 77' lang='lat' dir='ltr'>litem</span> <span class='ocrx_word' id='word_1_327' title='bbox 666 3185 757 3230; x_wconf 75' lang='lat' dir='ltr'>alterius</span> <span class='ocrx_word' id='word_1_328' title='bbox 764 3183 854 3244; x_wconf 62' lang='lat' dir='ltr'>srer&#39;pir</span> <span class='ocrx_word' id='word_1_329' title='bbox 865 3198 936 3228; x_wconf 83' lang='lat' dir='ltr'>coram</span> <span class='ocrx_word' id='word_1_330' title='bbox 945 3198 980 3236; x_wconf 79' lang='lat' dir='ltr'>er,</span> <span class='ocrx_word' id='word_1_331' title='bbox 996 3185 1034 3228; x_wconf 82' lang='lat' dir='ltr'>etri</span> <span class='ocrx_word' id='word_1_332' title='bbox 1043 3185 1110 3233; x_wconf 74' lang='lat' dir='ltr'>detur</span> 
     </span>
     <span class='ocr_line' id='line_1_43' title="bbox 219 3243 1110 3309; baseline -0.001 -15"><span class='ocrx_word' id='word_1_333' title='bbox 219 3251 263 3309; x_wconf 65' lang='lat' dir='ltr'>ast:</span> <span class='ocrx_word' id='word_1_334' title='bbox 284 3255 411 3296; x_wconf 75' lang='lat' dir='ltr'>Procurator</span> <span class='ocrx_word' id='word_1_335' title='bbox 420 3260 491 3292; x_wconf 73' lang='lat' dir='ltr'>aurem</span> <span class='ocrx_word' id='word_1_336' title='bbox 507 3247 598 3305; x_wconf 73' lang='lat' dir='ltr'>absen&#39;r&#39;r</span> <span class='ocrx_word' id='word_1_337' title='bbox 613 3249 698 3292; x_wconf 82' lang='lat' dir='ltr'>nomine</span> <span class='ocrx_word' id='word_1_338' title='bbox 713 3247 786 3293; x_wconf 64' lang='lat' dir='ltr'>mesor</span> <span class='ocrx_word' id='word_1_339' title='bbox 792 3244 830 3303; x_wconf 79' lang='lat' dir='ltr'>fit.</span> <span class='ocrx_word' id='word_1_340' title='bbox 848 3243 913 3292; x_wconf 83' lang='lat' dir='ltr'>Hinc</span> <span class='ocrx_word' id='word_1_341' title='bbox 925 3243 1010 3293; x_wconf 68' lang='lat' dir='ltr'>austor</span> <span class='ocrx_word' id='word_1_342' title='bbox 1020 3244 1110 3294; x_wconf 72' lang='lat' dir='ltr'>civita·</span> 
     </span>
     <span class='ocr_line' id='line_1_44' title="bbox 220 3308 1111 3375; baseline -0.006 -13"><span class='ocrx_word' id='word_1_343' title='bbox 220 3315 255 3362; x_wconf 79' lang='lat' dir='ltr'>tia</span> <span class='ocrx_word' id='word_1_344' title='bbox 265 3310 369 3375; x_wconf 78' lang='lat' dir='ltr'>superius</span> <span class='ocrx_word' id='word_1_345' title='bbox 374 3324 420 3374; x_wconf 91' lang='lat' dir='ltr'>pro</span> <span class='ocrx_word' id='word_1_346' title='bbox 426 3309 528 3357; x_wconf 79' lang='lat' dir='ltr'>Flacco:</span> <span class='ocrx_word' id='word_1_347' title='bbox 537 3316 594 3356; x_wconf 78' lang='lat' dir='ltr'>Nam</span> <span class='ocrx_word' id='word_1_348' title='bbox 604 3322 629 3356; x_wconf 82' lang='lat' dir='ltr'>ur</span> <span class='ocrx_word' id='word_1_349' title='bbox 636 3311 719 3371; x_wconf 51' lang='lat' dir='ltr'>Quum</span> <span class='ocrx_word' id='word_1_350' title='bbox 727 3310 839 3371; x_wconf 79' lang='lat' dir='ltr'>publicam</span> <span class='ocrx_word' id='word_1_351' title='bbox 850 3308 939 3371; x_wconf 74' lang='lat' dir='ltr'>inspexit</span> <span class='ocrx_word' id='word_1_352' title='bbox 947 3310 1111 3372; x_wconf 64' lang='lat' dir='ltr'>praeterieritis</span> 
     </span>
     <span class='ocr_line' id='line_1_45' title="bbox 222 3373 1114 3437; baseline -0.001 -13"><span class='ocrx_word' id='word_1_353' title='bbox 222 3378 298 3424; x_wconf 63' lang='lat' dir='ltr'>udor</span> <span class='ocrx_word' id='word_1_354' title='bbox 309 3376 353 3434; x_wconf 80' lang='lat' dir='ltr'>stu</span> <span class='ocrx_word' id='word_1_355' title='bbox 368 3375 489 3429; x_wconf 76' lang='lat' dir='ltr'>ciust-ais,</span> <span class='ocrx_word' id='word_1_356' title='bbox 511 3373 579 3431; x_wconf 80' lang='lat' dir='ltr'>solere</span> <span class='ocrx_word' id='word_1_357' title='bbox 595 3374 642 3427; x_wconf 66' lang='lat' dir='ltr'>fisos</span> <span class='ocrx_word' id='word_1_358' title='bbox 657 3375 717 3423; x_wconf 73' lang='grc' dir='ltr'>ιίνυ</span> <span class='ocrx_word' id='word_1_359' title='bbox 732 3384 849 3437; x_wconf 62' lang='lat' dir='ltr'>cattosque</span> <span class='ocrx_word' id='word_1_360' title='bbox 865 3374 962 3430; x_wconf 64' lang='lat' dir='ltr'>Grecos,</span> <span class='ocrx_word' id='word_1_361' title='bbox 977 3388 1004 3419; x_wconf 73' lang='lat' dir='ltr'>ex</span> <span class='ocrx_word' id='word_1_362' title='bbox 1018 3384 1114 3437; x_wconf 73' lang='lat' dir='ltr'>tmpore</span> 
     </span>
    </p>
   </div>
   <div class='ocr_carea' id='block_1_5' title="bbox 220 3434 1115 3569">
    <p class='ocr_par' dir='ltr' id='par_1_15' title="bbox 220 3434 1115 3569">
     <span class='ocr_line' id='line_1_46' title="bbox 220 3434 656 3507; baseline -0.005 -16"><span class='ocrx_word' id='word_1_363' title='bbox 220 3442 281 3507; x_wconf 68' lang='lat' dir='ltr'>qaod</span> <span class='ocrx_word' id='word_1_364' title='bbox 291 3436 391 3504; x_wconf 67' lang='lat' dir='ltr'>opust,</span> <span class='ocrx_word' id='word_1_365' title='bbox 402 3434 505 3502; x_wconf 53' lang='lat' dir='ltr'>obsignare</span> <span class='ocrx_word' id='word_1_366' title='bbox 516 3437 559 3504; x_wconf 68' lang='lat' dir='ltr'>sir.</span> <span class='ocrx_word' id='word_1_367' title='bbox 576 3437 656 3489; x_wconf 75' lang='lat' dir='ltr'>Grat.</span> 
     </span>
     <span class='ocr_line' id='line_1_47' title="bbox 284 3502 1115 3569; baseline 0.005 -10"><span class='ocrx_word' id='word_1_368' title='bbox 284 3552 288 3559; x_wconf 91' lang='lat'><em>.</em></span> <span class='ocrx_word' id='word_1_369' title='bbox 912 3548 918 3555; x_wconf 87' lang='lat'>.</span> <span class='ocrx_word' id='word_1_370' title='bbox 964 3502 1003 3558; x_wconf 78' lang='lat'>76·</span> <span class='ocrx_word' id='word_1_371' title='bbox 1019 3502 1115 3569; x_wconf 43' lang='lat' dir='ltr'>asper-f</span> 
     </span>
    </p>
   </div>
   <div class='ocr_carea' id='block_1_6' title="bbox 0 0 1164 3914">
    <p class='ocr_par' dir='ltr' id='par_1_16' title="bbox 0 0 1164 3914">
     <span class='ocr_line' id='line_1_48' title="bbox 0 0 1164 3914; baseline 0 4"><span class='ocrx_word' id='word_1_372' title='bbox 0 0 1164 3914; x_wconf 95' lang='lat' dir='ltr'> </span> 
     </span>
    </p>
   </div>
  </div>
 </body>
</html>
