2318 3914
228 122 314 200 &fi
545 113 793 180 orario

234 224 383 290 omnium,
400 218 593 280 testimonium
609 218 728 289 diceret,
747 219 815 278 sensi
840 220 1035 299 atqueprovid

234 299 320 379 pente
332 300 408 358 enim
421 309 468 365 te,
485 308 631 373 tamquam
644 298 752 370 lerpens
764 294 782 354 ὲ
794 297 926 370 latibulis,
947 300 1034 359 oculis

234 378 378 443 uentibus,
396 372 492 433 inflato
506 371 597 441 collo,
616 372 730 430 tumidis
749 374 902 433 cervicibus
915 374 1035 435 ’intulili

207 523 209 527 .
236 453 308 515 mihi
320 463 469 511 renovatus
480 448 526 507 ille
538 461 601 505 tuus
614 451 643 507 in
656 460 685 507 te
699 447 716 481 *
730 448 748 483 ⁹⁵
899 454 903 461 '

210 541 225 593 5
272 531 408 589 Veterem
421 543 518 585 meum
525 525 667 595 amicum,
685 524 732 583 sed
742 536 839 595 tamen
852 538 933 586 tuum
947 528 1035 587 famili

235 605 427 671 defenderim,
446 601 510 660 clim
524 602 554 659 in
566 602 620 658 hac
634 601 745 659 civitate
760 607 930 678 oppugnatio
938 604 1035 675 soleat,

236 695 350 743 tununc
362 681 461 747 uteris,
480 694 712 753 nonnumquam,
732 676 857 737 defensio
870 698 1029 758 numquam

234 761 334 836 peruri.
351 758 405 817 Sed
417 772 515 833 quaero
529 754 545 811 a
558 766 603 822 te,
624 771 674 812 cur
687 754 721 810 C.
728 753 892 814 Cornelium
906 775 966 817 non
979 758 1035 817 def«

234 853 306 895 rem.
323 852 392 892 num
405 832 495 906 legem
510 830 630 905 aliquam
645 830 791 888 Cornelius
802 844 899 891 contra
912 833 1033 909 auspicia

234 913 286 971 rit:
305 929 375 969 num
396 908 514 973 AEliam,
535 923 603 964 num
624 904 731 964 Fufiam
744 906 836 983 legem
849 909 1027 985 neglexerit:

145 1049 146 1052 ,
237 987 342 1047 consuli
353 988 414 1043 vim
425 984 560 1042 attulerit:
580 999 649 1039 num
662 984 773 1041 armatis
792 985 952 1044 hominibus
975 1000 1035 1046 tem

237 1063 372 1124 tenuerit:
390 1078 459 1119 num
467 1056 671 1117 intercellorem
686 1060 715 1116 vi
722 1059 866 1135 deJecerit:
886 1080 956 1121 num
969 1064 1035 1139 relig

259 1138 383 1202 olluerit:
403 1137 531 1195 aerarium
545 1134 712 1193 exhauserit:
731 1136 931 1212 rempublicam
952 1157 1035 1217 comp

238 1158 306 1279 frua
318 1214 393 1283 sunt,
412 1225 460 1271 tua
472 1211 532 1269 sunt
544 1211 606 1269 haec
619 1211 724 1271 omnia.
750 1212 884 1291 Cornelio
898 1215 1035 1290 ejusmodi

238 1290 381 1366 objectum
394 1288 441 1348 est.
472 1288 611 1346 Codicem
620 1283 712 1361 legisse
725 1286 874 1348 dicebatur.
898 1292 1035 1351 defendel

240 1368 350 1427 testibus
371 1365 484 1441 collegis
495 1365 564 1433 suis,
583 1382 642 1422 non
654 1364 788 1423 recitandi
801 1366 879 1424 causi
889 1366 1001 1443 legille‚
1018 1370 1035 1427 st

239 1442 437 1521 cognoscendi.
455 1440 722 1510 Conltabartamen,
743 1441 907 1500 Cornelium
920 1445 1035 1504 con'cilir

237 1521 268 1581 lo
280 1522 326 1580 die
340 1516 482 1585 dimisrlle‚
501 1516 812 1592 intercellroniparuille.
830 1519 974 1592 Tuvero,
995 1539 1035 1580 cu:

240 1599 307 1657 nelii
319 1595 443 1657 defenlio
457 1594 595 1669 displicet,
613 1611 700 1670 quarn
714 1593 822 1652 caulam
837 1596 872 1653 ad
892 1609 1026 1671 patronos

240 1688 290 1734 aut
301 1674 379 1751 quod
392 1689 423 1730 os
436 1669 533 1730 afferes
545 1670 558 1728 ἓ
577 1671 675 1746 quibus
683 1670 743 1745 jam
759 1670 906 1747 praescribis
921 1714 931 1742 ,
947 1686 1035 1809 quant

189 1749 193 1756 ’
240 1747 786 1829 probrofuturumfit,srtedefcnderint‚
805 1749 954 1809 cumtum‘
978 1752 1035 1811 iCc

241 1827 470 1889 defeufiouemin
477 1822 821 1898 maledidtisobjiciendam
831 1826 942 1901 putaris.

245 2057 287 2111 sed
296 2056 340 2123 qui
350 2054 447 2121 plebem
457 2052 570 2103 infimam
581 2051 758 2119 improbusque
769 2068 856 2103 omnes
873 2056 905 2105 ad
916 2054 1035 2107 seditione

247 2124 357 2193 pelleret.
375 2119 439 2167 unde
449 2119 494 2165 illa
505 2133 551 2181 pro
563 2122 660 2166 Sentio:
677 2123 752 2182 Ecqua
758 2121 836 2178 seditio
847 2123 1010 2187 umquamfur'r
1021 2154 1030 2180 .

248 2204 290 2235 uon
300 2188 339 2232 ille
345 2187 458 2247 princeps?
475 2184 501 2227 P.
508 2184 605 2230 Manut.
827 2224 831 2232 .

279 2263 302 2303 ρ.
321 2246 417 2301 intulisti
426 2257 464 2291 :ut
479 2248 537 2291 mibi
552 2256 667 2290 renovatus
683 2247 782 2291 illerum
795 2248 818 2291 in
834 2259 853 2293 te
868 2261 962 2295 veterem
979 2266 1035 2297 meur

249 2314 345 2361 Locum
361 2306 439 2365 hunc,
452 2306 478 2353 in
494 2306 609 2355 omnibus
644 2308 668 2355 ui
686 2307 886 2359 circumferuntur
902 2310 988 2369 libris,
1009 2328 1035 2361 m

249 2373 377 2437 scripturn,
394 2371 429 2419 ita
444 2370 507 2419 olim
519 2374 637 2435 Pantagat
656 2386 683 2418 us
698 2371 854 2429 emendarat:
872 2376 984 2435 intulisti.-
1006 2390 1035 2425 nr

248 2451 368 2486 remoratus
377 2435 478 2495 inmfirsli
492 2452 539 2490 me,
555 2438 611 2497 quud
621 2452 704 2490 meum,
717 2437 764 2483 διε.
783 2436 826 2484 led·
835 2437 881 2485 hac
891 2438 977 2501 postea
988 2438 1035 2513 iniq

248 2499 357 2550 leffione
367 2498 438 2546 aliter
448 2497 569 2547 restituere
580 2511 682 2546 conatur
694 2499 741 2555 est,
754 2502 780 2547 δι
792 2502 887 2558 multo,
899 2514 926 2549 ut
937 2501 1001 2551 mihi
1013 2518 1035 2551 vr

250 2564 354 2619 melius,
371 2561 437 2635 quod
448 2562 474 2610 ὅ(
485 2563 510 2610 in
520 2562 682 2610 translatione
693 2561 838 2627 permanfir,
850 2567 875 2614 δι
887 2565 1020 2614 meliorem
1031 2572 1035 2615 t

249 2629 311 2677 tiam
322 2625 417 2681 effecit,
433 2632 466 2672 vr
476 2629 500 2672 r'n
511 2643 545 2671 me
554 2642 659 2673 evomens
670 2629 727 2673 illud
736 2631 814 2684 virus,
830 2646 868 2675 cur
877 2643 972 2676 veterem
987 2647 1035 2677 meu

270 2691 338 2738 aullo
348 2689 416 2753 supra
427 2703 472 2753 pro
482 2692 580 2747 accedat,
596 2688 664 2737 idem
674 2690 839 2755 Pantagathus
851 2695 934 2739 accidat
942 2692 1035 2756 primus

286 2756 334 2802 vit:
350 2767 425 2818 quam
436 2752 569 2801 lediionem
578 2751 684 2800 Adriano
695 2767 795 2819 quoque
806 2754 920 2803 Turnebo
931 2756 957 2803 in
969 2768 1035 2803 ment

252 2815 314 2868 nisse
323 2832 353 2867 ex
364 2819 415 2875 ejus
427 2814 574 2865 Adversariis
585 2814 702 2881 cognovi.
724 2819 798 2876 vrstn.
830 2825 864 2864 ‘vc
875 2822 933 2864 mibi
944 2832 1035 2867 renovat

251 2880 345 2932 mendo
355 2879 437 2928 ridere
447 2891 531 2929 tamen
542 2878 604 2927 milri
614 2881 760 2928 lententiam
773 2880 858 2929 videor
869 2898 876 2928 r
893 2880 948 2938 sed„
966 2898 1020 2945 quae
1031 2890 1035 2931 t

251 2944 293 2994 tie
307 2940 469 3009 respondeat,
490 2944 626 2991 litterarum
642 2942 829 2993 similitudinem
845 2959 897 2993 non
913 2946 1025 2994 invenio.

251 3006 315 3064 hoc,
331 3019 358 3055 ut
367 3007 471 3072 opinor,
487 3006 561 3054 iratur
572 3006 713 3071 milri,quia
724 3013 755 3058 c.
763 3009 1035 3065 Cornelium‚vererem

251 3067 373 3126 micum,
389 3067 549 3119 defenderim.
577 3074 617 3119 De
628 3074 658 3119 c.
667 3072 786 3119 cornelio
797 3072 896 3121 tribuno
908 3074 987 3137 plebis
998 3074 1014 3120 d
1027 3078 1035 3119 t

251 3150 285 3187 ne
294 3130 394 3184 defenso
410 3131 466 3182 vide
478 3132 619 3181 Pedianum.
636 3140 663 3183 Ρ.
675 3140 763 3184 Manui.
812 3137 914 3184 tiletum
923 3140 947 3183 in
957 3153 979 3185 te
988 3134 1031 3171 *⁴*

251 3200 348 3247 atem
358 3200 416 3254 dc]
447 3196 572 3245 Turnebus
583 3197 637 3246 heic
648 3199 675 3245 in
685 3198 728 3246 ms.
741 3209 871 3246 vacantem
887 3198 951 3248 vidit
967 3211 1035 3249 torar

251 3274 321 3311 mm.
337 3258 395 3311 ideo
413 3274 444 3309 ue
454 3260 543 3309 merirb
555 3261 684 3327 inlignirur
694 3262 763 3310 loeus
775 3260 895 3312 asterisco.
912 3270 1004 3312 Gruter.
1021 3268 1034 3313 1

253 3323 287 3373 eii
301 3326 328 3375 dc
337 3274 464 3373 tricident
475 3323 562 3373 omnia
572 3324 617 3374 illa
627 3322 718 3373 verbu:
750 3332 784 3373 vr
794 3330 852 3373 mibi
867 3340 984 3375 renovatus
1001 3329 1035 3375 illi

165 3400 168 3405 ·
251 3390 282 3435 a·
290 3398 313 3435 te
321 3400 415 3435 metm
424 3404 495 3435 mm
505 3392 607 3438 micum.
625 3391 744 3450 sedimen
754 3402 817 3441 utum
822 3390 966 3453 familiarem
977 3392 1027 3442 &o

196 3520 202 3531 .
254 3448 436 3523 adalmari,
451 3452 635 3519 nonlemrrrmr.
651 3455 728 3507 erar.
1031 3534 1035 3570 Ἰ
