2332 3908
201 141 284 223 2482
525 137 771 205 Onnrro

200 240 345 313 oblatam,
364 236 514 315 praesertim
528 235 649 315 saepius,
681 248 714 295 ut
732 237 872 313 frangeret
891 236 921 296 δι
941 238 1092 296 refutaret-a

199 318 282 377 'tanta
290 314 448 375 moderatio
462 312 662 383 suithominis,
682 327 791 372 tantum
800 313 963 385 confilium,
985 326 1093 373 utcon-

205 394 307 453 sineret
314 392 458 460 dolorem,
480 408 573 467 neque
582 389 682 449 eadem
695 389 722 448 sc
736 408 766 448 re
773 391 964 459 ulcisceretur,
984 388 1042 467 qui
1055 390 1094 451 es·

207 469 400 530 setlaccffitus:
421 466 668 543 sediliumtotjam
680 467 823 526 funeribus
836 467 1093 544 reipublicaeexsul·
1122 506 1126 530 =

202 546 314 682 'Rarntem
334 563 367 605 ac
380 544 595 623 tripudiantem,
614 544 726 621 legum,
746 540 886 620 siposset,
905 545 1010 621 laqueis
1025 561 1094 603 con·

242 634 356 681 meret.

164 709 201 787 89
248 641 400 758 Dgescendit
407 696 442 756 ad
455 694 651 756 accusandum.
671 696 768 774 '⁷quis
781 716 918 776 umquam
933 709 992 757 tam
1008 713 1093 773 apro-

51 804 66 839 a
81 788 178 855 proprie
190 794 199 839 r
210 776 278 851 priae
291 774 449 852 reipublicae
463 772 556 841 causi,
576 772 656 832 nullis
669 774 822 835 inimicitiis
835 818 844 845 ,
862 775 942 833 nullis
955 774 1095 849 praemiir,

52 857 104 904 eru.
210 852 285 911 nulla
298 852 450 910 hominum
458 848 643 926 postulatione
662 862 710 908 aur
724 853 809 911 etiam
823 853 976 927 opinione,
994 851 1096 911 idum·

210 946 297 1007 quam
313 924 367 986 eise
388 924 548 985 sadiurum?
567 925 646 985 stadii
666 941 745 986 erant
763 930 851 987 animi
871 929 1010 987 homines.
1036 928 1094 987 hoc

211 1005 289 1063 enim
303 1002 448 1062 accusante
455 1002 633 1078 pristiniiliius
639 1001 678 1059 sui
680 1003 781 1077 judicii
787 1004 990 1080 turpitudinem
998 1004 1094 1081 despe-

208 1078 295 1140 r'abat.
331 1078 407 1139 Ecce
422 1080 471 1138 tibi
484 1078 597 1148 consul,
617 1092 737 1155 praetor,
755 1081 996 1157 tribunusplebis,
1017 1099 1093 1142 nora

209 1154 677 1233 novigencrisedidiaproponurit:
699 1157 905 1226 Nereusadfit,
926 1160 1091 1230 recitetur,

209 1251 248 1294 ne
262 1232 417 1321 quaeratur,
437 1233 664 1314 ormentionem
682 1234 801 1293 omnino
822 1236 953 1311 cuiquem
963 1235 1093 1309 judicum

210 1321 259 1369 aut
268 1310 441 1387 judiciorum
449 1306 638 1368 facerelicert.
657 1308 735 1385 Quid
749 1328 765 1367 a
785 1322 843 1369 eret
850 1312 892 1370 vir
899 1311 934 1371 ad
941 1313 1092 1385 virtutem,

208 1384 396 1462 dignitatem,
415 1385 532 1463 gloriam
554 1397 657 1455 natus,
676 1387 705 1445 vi
725 1386 752 1445 sc
781 1398 922 1447 eratorum
940 1388 1093 1453 homiuum

210 1462 408 1533 corroborata,
427 1462 532 1538 iegibus
538 1460 706 1541 judiciisque
718 1462 825 1523 sublatis
839 1463 851 1522 ἓ
877 1465 1000 1525 cervices
1011 1467 1096 1527 tribu·

208 1539 368 1627 uuspiebis
392 1540 528 1614 privato,
552 1538 793 1615 'praestantissimus
813 1543 855 1600 vir
876 1542 1093 1617 profligatiffimo

210 1614 429 1695 hommi'daret?
447 1632 483 1675 an
492 1614 600 1674 causam
614 1614 764 1693 susceptam
779 1616 934 1695 affligeret?
953 1637 989 1678 an
1001 1619 1030 1679 se
1043 1622 1095 1683 do'·

205 1694 257 1753 'mi
272 1689 457 1754 c'ciritineret?
486 1688 649 1751 ⁸⁸Et'vinci
668 1704 748 1770 turpe
771 1696 880 1770 putavit
906 1696 936 1754 δε
958 1695 1097 1759 deterreri.

297 1806 300 1812 ·
1012 1777 1095 1837 etiam

239 1878 287 1942 ⁷17.
305 1888 366 1947 Qis
376 1900 474 1950 unquam
483 1896 530 1933 rem
538 1884 628 1947 proprie
639 1884 692 1946 reip.
704 1883 798 1944 ceesrir]
830 1884 867 1933 Sic
879 1882 956 1932 edidit
969 1888 1094 1939 Gruterus.

213 1947 262 2000 sed
275 1952 366 1999 Viiior.
378 1948 492 1997 Lambin.
506 1946 652 1996 Manutius:
685 1948 746 2002 §iuis
758 1965 853 2013 unquam
863 1962 910 1996 rem
922 1954 1026 2011 proprie?
1041 1957 1095 2018 resp.

213 2013 287 2075 urrffii
296 2017 366 2063 nesle's
375 2015 505 2061 inimicitiis
516 2014 565 2061 dcc.
581 2012 606 2058 r'd
660 2026 712 2058 uam
721 2013 760 2073 effe
765 2013 889 2072 fadiereem.
907 2011 952 2059 sed
963 2024 1019 2062 tota
1028 2033 1097 2078 mgr·

213 2072 398 2141 acrei-e'stulcus
410 2090 513 2124 merum.
571 2072 641 2122 uide
675 2076 793 2123 decendere
807 2078 984 2136 edeecreflmdum
992 2074 1096 2143 prepe'e'es

215 2153 258 2190 aut
266 2143 358 2203 proprie
368 2141 421 2205 reip.
434 2138 516 2199 erasti?
538 2079 585 2186 ὦ
595 2136 645 2186 haec
654 2136 713 2186 licet
728 2140 822 2189 Latine,
833 2139 923 2204 linguae
934 2139 999 2188 ratio
1010 2144 1038 2192 δι
1052 2158 1095 2210 ge-

214 2205 272 2253 nius
282 2201 369 2259 ferret,
385 2214 412 2251 ut
423 2201 518 2251 dicatur
526 2202 644 2265 descrerdere
652 2205 682 2248 ad
691 2204 830 2263 accufirrrdrem
838 2207 940 2266 proprie,
958 2216 999 2251 aut
1005 2212 1097 2270 propria

208 2266 270 2330 reip.
281 2266 366 2329 caroffi,
383 2265 600 2331 quodtamenilla
616 2280 647 2313 ne
665 2276 690 2312 at
701 2264 736 2313 sui
753 2262 800 2313 effe
811 2266 869 2325 juris
886 2267 912 2313 dr
924 2267 1021 2324 moris,
1044 2269 1097 2321 sen·

208 2326 297 2387 [tentia
307 2341 393 2379 tamen
403 2328 455 2394 ipsa
463 2328 514 2379 haec
525 2327 597 2378 verba
611 2343 637 2377 re
665 2332 741 2376 taret?
757 2329 862 2390 Quoties
877 2328 945 2374 enim
964 2330 1053 2381 Cicero
1070 2337 1096 2385 in

212 2392 338 2450 Neminie,
358 2393 392 2441 'in
407 2392 535 2443 vatinium
551 2394 577 2442 dc
588 2392 643 2441 aliis
654 2389 782 2456 profitetur
797 2390 821 2438 se
837 2391 909 2454 Reip.
927 2387 1098 2448 caussasusce.

208 2442 275 2523 ,pisse
287 2457 450 2507 accusationes
462 2460 470 2506 e
492 2454 564 2505 Unde
573 2453 664 2519 pendet
675 2456 699 2517 id
710 2470 807 2517 aequem
817 2455 854 2514 effe
861 2455 976 2513 facierum
989 2463 1000 2501 ,³
1029 2467 1096 2513 Num

216 2534 253 2577 ut,
260 2520 329 2585 quod
339 2522 366 2569 in
379 2519 555 2585 admirantium
565 2517 644 2567 verbis
655 2514 717 2564 solet
728 2514 781 2566 fieri
791 2530 845 2564 non
854 2516 1030 2583 infrequenter,
1036 2524 1096 2577 sicut

200 2618 203 2623 ,
215 2584 368 2635 ostendimus
379 2587 405 2633 in
416 2584 525 2649 epistolis
537 2580 568 2631 ad
579 2582 709 2636 Atticum,
732 2592 773 2629 aut
789 2579 926 2631 subauditur
941 2586 1096 2639 admirandam

210 2642 259 2709 ‘est‚
276 2661 317 2697 aut
328 2655 378 2712 quis
387 2667 427 2695 nen
438 2651 588 2703 mireeur,aut
602 2638 741 2715 hujusmodi
753 2644 820 2692 aliud
831 2644 899 2710 quid.
917 2643 1018 2720 Respuit
1030 2649 1095 2704 hanc

211 2708 259 2762 'elii
277 2708 314 2761 fin
330 2714 357 2761 de
368 2709 567 2760 consuetudinem
578 2706 851 2758 admrrationumlocus
866 2708 918 2759 iste.
952 2716 1008 2759 sure
1025 2714 1094 2767 librie

212 2728 359 2827 iiiioribus
371 2775 421 2823 haec
431 2772 510 2823 sanari
520 2786 572 2819 non
583 2767 689 2835 poffunt.
706 2770 858 2837 Cogitabam
869 2774 1018 2825 ciceronem
1028 2778 1096 2831 forte

213 2834 330 2904 sciipfisse
342 2853 349 2885 z
381 2840 442 2902 Qis
452 2852 549 2900 unquam
559 2848 607 2882 ram
612 2848 696 2899 promte
706 2852 761 2903 reip.
771 2836 836 2899 causei
848 2871 856 2894 ,
871 2842 941 2887 eelsir
951 2842 1096 2905 inimr'ce'rr'r't,

213 2907 284 2953 »erilis
290 2903 401 2967 premiis,
415 2902 479 2947 nessa
487 2901 598 2947 dominum
605 2899 747 2962 postulatione
761 2914 801 2950 eret
809 2906 878 2949 etiem
887 2906 999 2965 opinione,
1020 2908 1046 2955 r'd
1054 2926 1098 2957 u„-

208 2962 759 3093 {addititii{iari‘qiiiiii
769 2965 1097 3093 {diminuturum

208 3088 242 3143 ’δι
254 3090 284 3139 ed
293 3096 389 3155 unquam
399 3086 436 3138 bic
448 3091 577 3156 repetitum
587 3090 659 3141 feriat
670 3106 746 3142 aures.
765 3098 839 3142 στιν.
1056 3052 1095 3099 ω’

247 3163 285 3205 88.
302 3161 333 3205 Er
342 3158 406 3203 vinei
413 3161 584 3219 carpentorum,
600 3159 626 3209 dr
638 3160 740 3205 deterreri
749 3159 819 3205 erim
828 3157 887 3220 eripi
895 3159 978 3207 reiecit.
995 3165 1030 3209 vr
1039 3180 1097 3226 qus.

211 3220 302 3279 niem]
333 3222 428 3268 Locum
443 3221 508 3285 turpi
525 3218 619 3269 mendo
633 3219 794 3283 depravatum
815 3220 859 3269 aiii
875 3221 948 3270 aliter
963 3227 1097 3279 emendare

211 3279 298 3331 conati
307 3280 369 3334 sunt.
388 3289 448 3335 Ant.
461 3274 609 3355 rugiemus
618 3285 645 3335 dr
656 3286 759 3331 deterreri
768 3297 794 3331 ur
803 3296 865 3348 turpe
876 3288 963 3341 rejecit,
979 3288 1094 3345 testituit.

209 3342 252 3411 sed
263 3346 355 3413 frigida
364 3361 425 3412 rerpe
436 3348 551 3412 repetitio
559 3364 576 3405 t,
583 3349 611 3397 δι
620 3346 710 3404 reiecit,
726 3343 847 3397 nonsatis
858 3360 943 3413 aptum
949 3349 1050 3405 verbum
1056 3358 1095 3407 ri.

208 3406 286 3463 detur.
304 3406 394 3479 quidsi
406 3411 442 3463 ita
451 3412 561 3476 legatur?
569 3415 608 3477 „Et
618 3413 681 3459 vinei
689 3416 851 3476 rurpeperevit
860 3415 888 3465 d·
898 3416 1014 3473 menri,
1025 3423 1095 3469 eim

207 3479 266 3541 err'pr'
276 3494 352 3528 rerer:
363 3476 519 3539 fuie'rrrw.
542 3476 612 3529 'nm
623 3470 717 3552 Consul
727 3478 883 3539 ,ΜΕΝ
898 3476 977 3549 ἨΜ
983 3480 1019 3548 Ρ]-
1026 3486 1098 3599 310·

5 3566 98 3760 'i
