2318 3914
102 116 451 211 Dn'Pnovruetrs
470 136 826 215 Cousounnrnos.
850 150 932 237 2633

46 246 175 315 ulatione
194 243 393 322 reprehendar,
413 244 551 321 explicare
568 241 706 328 breviter,
724 258 790 319 quae
808 244 878 305 mihi
897 246 932 307 fit

49 322 116 387 tatio
130 324 163 393 δι
177 323 258 383 causa
271 338 336 381 cum
351 320 470 382 Caesare.
492 322 537 381 nc
549 316 672 397 primitur
685 316 753 379 illud
764 332 875 397 tempus
887 324 931 383 fa-

42 396 211 459 miliaritatis
228 399 258 457 bt
278 397 505 468 consuetudinis,
527 414 593 485 quae
608 394 678 454 mihi
692 412 758 481 ςιιιιι
779 396 846 467 illo,
863 416 930 477 quae

45 474 123 535 fratri
143 492 230 545 meo,
248 491 313 551 quae
327 486 355 523 tt
372 476 407 533 C.
420 475 557 542 Varroni,
577 470 746 532 consobrino
765 472 877 543 nostro,
896 476 955 534 abt
1019 476 1048 532 lt.

46 553 180 613 omnium
195 550 319 612 nostrum
331 549 514 611 adolescentia
528 551 597 618 luit,
615 548 808 624 praetermitto.
824 542 995 611 Postea-⁴⁴⁶⁸
1012 544 1092 617 4¹⁸¹·

46 628 134 715 qum
146 629 208 689 sum
221 643 237 677 v
250 628 358 715 penitus
370 629 399 685 in
414 622 817 714 rempublicamingreffumitn
829 606 1083 723 dfflfflfiiuffia-

49 704 170 775 abillo,
197 716 228 767 ut
249 722 278 767 tn
298 703 485 780 disjunehone
504 702 648 763 sentenuae
668 700 812 777 contundit
838 714 934 765 tamen
943 742 1024 779 rernm

48 780 204 843 aamlcitii
218 798 406 840 maneremus.
943 796 1018 845 mus,

84 858 193 917 Consul
204 858 250 921 tlte,
265 860 322 932 egit
335 874 381 915 eas
395 871 581 933 res,quarum
594 870 642 913 me
648 855 811 932 participem
819 854 875 916 elle
883 874 934 917 ro·
942 872 976 929 41

49 934 114 993 luit:
123 934 226 1011 quibus
239 952 293 1010 ego
300 934 319 991 li
329 932 419 995 minus
425 930 703 999 allentiebar,tamen
710 932 781 991 illius
787 934 856 991 mihi
864 934 936 1007 judi·

50 1013 124 1069 cium
138 1022 250 1087 gratum
265 1008 319 1069 elle
326 1009 451 1068 debebat.
470 1012 499 1057 ⁷⁶
514 1026 561 1065 me
575 1008 620 1065 ille
629 1019 676 1076 ,ut
687 1009 935 1086 quinqueviratum

49 1090 205 1163 acciperem
214 1126 223 1155 ,
231 1088 353 1162 rogavit:
375 1104 421 1145 me
435 1087 464 1144 in
477 1086 562 1143 tribus
574 1083 623 1143 fibi
635 1086 936 1161 conjuntuffimi'scon-

48 1164 175 1223 sularibus
189 1161 243 1221 elle
256 1164 359 1221 voluit:
381 1175 408 1211 ⁷⁷
425 1161 495 1220 mibi
508 1162 695 1236 legationem,
713 1180 799 1238 quam
813 1164 933 1236 vellem,

51 1252 156 1327 quanto
170 1257 237 1299 curn
250 1240 359 1298 honore
371 1237 605 1307 vellem,detulit.
623 1254 688 1313 quae
700 1256 755 1313 ego
768 1242 865 1299 omnia
873 1260 932 1302 non

53 1328 162 1394 ingrato
182 1320 304 1389 auimo,
331 1315 378 1383 l'ed
398 1317 427 1365 ⁷⁸
448 1314 637 1376 oblltnatione¹
650 1326 772 1391 quanam
788 1316 933 1378 seutentiae

893 1412 937 1455 re-

79 1522 116 1567 75.
137 1516 159 1558 e.
173 1514 292 1571 Verrunt]
307 1517 346 1575 De
356 1512 588 1575 clarisoratoribua
604 1514 655 1570 eiua
665 1513 877 1580 meminit,quem
890 1516 932 1565 lo·

50 1586 103 1621 tum
120 1572 178 1629 vide
195 1589 208 1621 a
226 1573 258 1621 ud
276 1578 424 1626 manutium.
459 1580 536 1639 Hujus
552 1580 627 1626 etiam
643 1579 757 1629 meminit
773 1578 800 1626 in
819 1584 927 1630 vertetu.

50 1636 94 1709 §etl
104 1652 158 1685 non
168 1650 195 1686 ut
206 1590 318 1688 inuium
330 1643 355 1689 bt
368 1642 490 1707 ingenio,
507 1643 543 1689 ita
560 1640 668 1689 moribus
686 1641 731 1688 luit
745 1642 869 1705 probatur.
901 1646 927 1694 si

52 1699 172 1765 quidem,
194 1713 220 1750 ut
238 1716 319 1751 narrat
338 1706 446 1753 Valerius
462 1705 504 1755 lib.
520 1710 594 1761 vlll,
611 1717 664 1768 cap.
678 1719 700 1751 2.
717 1704 828 1764 libidinis
840 1707 925 1757 habuit

49 1764 225 1814 commercium
241 1781 297 1814 cum
310 1768 430 1816 octacilia
442 1766 580 1818 laterculi:
598 1776 633 1823 ιο,
645 1786 692 1813 cum
699 1770 850 1829 postulantem
861 1774 932 1829 adill-

50 1832 189 1891 tatmjadeat
199 1832 318 1894 questionis
330 1833 391 1893 effer,
408 1849 506 1881 mortuus
516 1834 557 1893 est,
575 1830 655 1903 inquit
667 1835 771 1893 Orator,
788 1833 814 1881 bt
826 1846 881 1881 eam
893 1832 926 1882 ob

50 1890 152 1948 cauffam
166 1906 248 1967 neque
262 1893 377 1958 frequens
393 1894 463 1953 hujus
480 1897 577 1949 mentio
592 1892 656 1960 apud
667 1894 828 1952 ciceronem,
844 1910 926 1971 neque

48 1968 94 2018 pro
106 1956 203 2025 ingenii
219 1955 252 2005 sui
268 1958 380 2008 claritate
397 1959 428 2008 ad
443 1960 555 2009 nominis
571 1956 739 2007 celebritatem
755 1957 859 2009 emerlit.
883 1966 928 2009 vl·

46 2028 114 2069 burm
141 2030 144 2035 ‘

77 2091 117 2139 76.
134 2086 177 2143 Me
187 2085 226 2133 ille
235 2097 260 2131 ut
268 2086 465 2149 quinqueviratum
481 2088 607 2149 acciperem,
619 2088 727 2148 ragnum]
742 2090 802 2139 Ant.
815 2086 928 2151 Augusti-

47 2159 91 2207 noa
99 2149 287 2211 vigintivr'rmam
298 2147 413 2205 emendat
423 2163 453 2197 ex
465 2146 583 2208 historia,
605 2151 671 2209 oujuq
684 2150 798 2209 meminit
810 2152 868 2201 Dio.
878 2150 924 2203 lib.

46 2212 179 2259 xxxvm
193 2211 322 2261 Suetonius
333 2212 359 2258 in
371 2212 494 2277 Augusto„
510 2214 599 2273 Citero
616 2212 666 2279 ipl'e
679 2227 716 2279 ep.
726 2228 762 2265 ιι.
776 2212 819 2263 lib.
831 2220 873 2265 tx.
891 2214 923 2271 ad

48 2276 172 2333 Arduum,
182 2288 244 2323 'cum
256 2272 286 2321 de
299 2272 390 2323 Caefire
401 2277 496 2342 lnquit,
512 2282 636 2347 ‘iqepadini
645 2278 670 2338 se
685 2291 754 2325 aarum
770 2282 839 2343 magia
855 2281 923 2328 eriam

46 2352 111 2401 qum
118 2342 173 2385 olim
184 2341 208 2385 t‘n
219 2343 277 2386 XX.
289 2354 367 2388 ortatu
373 2342 506 2402 paraturae
513 2344 567 2402 folet
576 2358 626 2388 cum
632 2342 656 2399 fe
664 2343 786 2404 purgat,r'a
792 2344 925 2403 metensem

46 2418 127 2451 onam
137 2404 229 2450 illerum
238 2416 355 2467 temporum
366 2407 449 2467 culpam
463 2422 471 2450 .·
494 2408 527 2451 ιἰι
538 2422 571 2451 me
584 2407 626 2465 fibi
632 2404 699 2464 furffe
714 2408 842 2459 inimicum,
858 2421 882 2452 ut
899 2424 925 2455 ne

45 2467 141 2514 lanera·
150 2468 239 2531 quidem
250 2484 264 2511 a
270 2470 294 2525 Ji
303 2470 395 2529 (κείμενα
404 2471 490 2516 vellem.
524 2468 598 2515 Plane
613 2468 640 2514 in
655 2469 737 2531 primo
753 2465 852 2515 Cosanis
864 2483 925 2515 con·

47 2524 123 2577 sulam
133 2529 212 2583 creati
222 2527 289 2577 fuere
299 2534 350 2583 xx.
364 2530 423 2584 viri.
441 2544 501 2595 agro
513 2544 635 2594 campano
652 2529 794 2579 estimando
806 2545 813 2577 t
835 2528 875 2579 sed
886 2533 925 2585 ui,

46 2590 153 2643 dentum
165 2592 199 2645 est
211 2626 220 2649 ,
239 2607 300 2645 num
314 2593 475 2704 quinqueuiri
491 2607 591 2704 quoquo
607 2595 681 2665 qreati
692 2592 782 2641 fuerint
793 2607 854 2667 agro
864 2595 926 2645 asti·

46 2668 115 2705 mato
125 2655 276 2712 dividendo,
293 2668 366 2721 atque
394 2658 462 2714 elis,
478 2670 531 2711 non
560 2656 634 2707 erllrs
644 2659 737 2723 rogarit
748 2658 858 2713 Tullium
871 2661 926 2713 cz·

45 2714 88 2771 sat.
102 2723 179 2781 vrfia.
212 2723 444 2784 Qinquor'ratum.]
466 2720 556 2776 Malim
572 2720 667 2783 legere,
684 2723 883 2781 uigintiuiros-m,
898 2734 925 2771 ut

47 2782 141 2831 eltine
160 2790 203 2832 .⁶.
217 2784 242 2832 bt
256 2799 277 2837 ι.
290 2781 333 2830 lib.
347 2788 378 2831 11.
392 2785 417 2833 bt
430 2785 458 2832 in
469 2782 537 2848 epist.
550 2801 572 2833 2.
585 2783 629 2832 lib.
644 2797 678 2830 rx.
691 2784 721 2829 ad
734 2782 809 2834 Atrio.
823 2784 849 2835 δι
861 2784 925 2848 apud

46 2798 240 2909 Quinbliiianum
252 2845 296 2896 lib.
309 2861 365 2895 xit.
378 2861 430 2910 cap.
445 2862 465 2894 t.
486 2848 605 2907 vellelum
617 2846 659 2893 lib.
673 2849 703 2895 ll.
723 2846 852 2894 Suetonius
863 2863 926 2912 quo·

47 2914 153 2973 que‚M.
169 2911 267 2959 Attium
278 2907 393 2965 balbum,
411 2910 500 2958 sororis
512 2909 611 2959 casaria
622 2909 715 2963 vitum,
726 2909 790 2957 inter
802 2909 929 2975 vigintivi-

47 2982 85 3021 τοι
102 2987 190 3039 agrum
208 2979 363 3037 campanum
380 2973 448 3036 plebi
463 2975 519 3038 lege
535 2974 600 3039 Julia
612 2971 730 3031 divilill'e,
746 2970 827 3022 lcribit
839 2976 865 3023 in
878 2981 929 3026 Au·

46 3035 129 3101 gusto,
145 3052 222 3102 quare
238 3036 255 3085 fi
272 3037 373 3091 malim,
391 3033 431 3085 sex
448 3038 560 3086 locorum
578 3036 721 3091 testimonio
732 3051 808 3085 unum
820 3041 927 3104 corrigi,

46 3113 119 3164 quam
135 3114 168 3155 ert
183 3116 233 3163 uno
250 3100 297 3151 tria
315 3101 423 3158 mutari,
443 3098 542 3169 absorde
553 3100 616 3151 milri
626 3099 706 3151 facere
717 3115 768 3160 non
782 3100 873 3150 videar.
897 3108 923 3152 Ρ.

46 3168 139 3215 Mun·

74 3243 113 3285 77.
136 3231 197 3277 Mihi
207 3229 352 3290 legationem,
373 3228 554 3291 quintavallem]
583 3231 665 3290 Quam
691 3231 791 3277 Marcus
811 3227 928 3279 recusavit

44 3288 107 3341 lianc
119 3291 239 3354 Quinstua
248 3289 324 3341 frater
337 3292 438 3356 accepit.
473 3295 548 3338 l’orro
557 3291 711 3355 legationum
722 3306 774 3339 non
786 3304 834 3341 una
844 3294 928 3345 forma

45 3367 115 3405 erat:
132 3353 174 3407 sed
189 3355 270 3409 maior
284 3353 407 3411 interdum
424 3365 465 3413 aut
481 3354 564 3403 minor
580 3354 786 3418 legaris.potellas
797 3369 811 3402 a
823 3356 928 3421 praefidi-

46 3416 87 3471 bus
99 3417 272 3495 mandqbatur.
306 3424 392 3469 Horam.

75 3490 115 3543 78.
133 3482 278 3545 obfirmatione
287 3483 517 3549 quodamsmrmtr'a.]
533 3483 573 3542 Ne
584 3480 615 3529 de
627 3493 685 3533 meo
696 3478 759 3531 statu
770 3477 932 3593 declinaret?d

427 3549 488 3601 Eee
504 3558 556 3596 eet
571 3560 606 3597 ee
622 3561 633 3603 t
862 3556 895 3610 qu
