2318 3914
224 160 310 221 um
470 182 473 187 -
548 138 796 205 Onurro

224 242 416 304 testimonium
429 242 525 319 patriae
538 241 708 301 conservatae
729 240 826 301 dedit?
845 239 924 317 cujus
942 238 1109 306 sententiam

124 347 130 360 ·
160 345 168 360 ·
225 319 265 379 ita
277 320 510 397 frequennffimus
523 318 630 377 senatus
642 320 749 377 securus
760 319 814 388 est,
835 330 867 377 ut
881 319 1109 381 unusdiffentiret

225 395 324 457 hostis:
343 397 429 473 idque
441 397 530 473 ipsum
543 395 641 454 tabulis
653 396 767 471 publicis
781 396 973 465 mandaretur,
994 398 1029 457 ad
1043 416 1107 457 me·
1147 431 1153 469 ε,

225 472 810 550 moriamposteritemporissenrpiternamr
830 470 1108 548 velquodestpostri·

225 547 273 607 die
286 550 431 611 decretum
447 552 476 609 in
490 551 581 618 curia,
601 547 697 625 populi
709 548 792 623 ipsrus
804 550 929 607 Romani
947 548 978 607 ὅ(
990 567 1107 621 eorum,

224 626 693 763 {luiexmunicipiisconvenerant‚
713 626 878 694 admonitu,
897 626 1108 700 nequisdecae-

238 702 406 763 oservaret?
426 722 463 764 ne
476 720 536 779 qun
550 720 660 761 moram
674 700 758 761 ullam
772 700 904 761 afferret?
924 700 1019 778 liquis
1031 702 1108 765 aliter

225 777 355 850 fecisset,
382 798 448 839 eum
469 778 549 854 piane
569 778 725 837 eversorem
738 778 897 855 reipublicae
916 779 1004 848 fore,
1022 780 1109 857 idque

225 852 350 915 senatum
363 854 519 932 graviss'rme
537 854 674 913 laturum:
695 856 724 913 δι
738 868 769 914 ut
787 855 876 913 statrnr
896 854 933 913 de
954 856 1014 930 ejus
1033 857 1108 917 fatto

228 933 430 991 ⁵³referretur?
450 935 516 1006 Qua
535 932 670 1006 gravitate
686 931 754 1000 sua,
781 932 846 991 ciana
862 936 990 1008 frequens
1002 931 1122 993 senatua'

64 1011 196 1065 ιῐιινῐιι.
226 1008 427 1069 nonnullorum
447 1008 532 1067 scelus
556 1008 758 1084 audaciamque
777 1007 925 1075 tardarem
948 1010 1109 1069 ²tameni1·

64 1081 110 1150 erig·
120 1090 180 1147 tum·
225 1082 423 1155 ludaddrdir‚s1
436 1085 531 1143 diebus
544 1085 851 1169 bquinque,quibusagr
865 1084 1107 1158 den-epomide,

65 1142 215 1256 &qubus
228 1176 288 1219 non
302 1159 484 1233 effetadium,
504 1162 622 1220 redirem
631 1164 801 1236 inpetum,
822 1162 956 1237 dignitate
970 1165 1053 1222 omni
1066 1180 1109 1223 re·

228 1252 266 1297 cu
302 1252 368 1299 rata.

265 1255 359 1374 ¹[zeXH.
379 1314 586 1375 Ducnnvrr
607 1314 709 1374 eodem
730 1325 859 1390 ternpore
871 1316 994 1383 senatus,
1014 1316 1109 1387 utiis,

227 1394 327 1467 qui-ex
339 1404 398 1451 tota
419 1392 496 1451 italra
516 1391 604 1451 salutis
625 1410 699 1451 meae
719 1390 798 1451 causi
818 1404 1026 1461 convenerant,
1045 1410 1109 1471 age·

227 1480 322 1527 rentur
338 1481 450 1543 gratrae:
470 1479 553 1544 atque
568 1480 597 1527 ut
608 1470 694 1527 iidem
715 1469 751 1527 ad
771 1487 812 1528 res
830 1468 992 1537 redeuntes,
1011 1480 1044 1527 ut
1059 1487 1110 1529 ve-

163 1546 336 1620 130uirent,
355 1558 525 1620 rogarentur.
561 1546 635 1605 Haee
660 1558 718 1603 erat
736 1546 889 1605 studiorum
909 1546 940 1603 in
958 1562 1024 1603 mea
1041 1544 1110 1605 salu·

228 1632 258 1679 te
270 1625 440 1695 contentio:
469 1634 499 1681 ut
518 1623 562 1690 ii,
582 1624 630 1698 qui
643 1620 659 1680 it
673 1622 769 1681 senatu
793 1622 828 1680 de
847 1641 901 1681 rne
924 1622 1108 1697 rogabantur,

227 1696 315 1757 iidem
327 1698 432 1757 senatui
444 1715 495 1772 pro
511 1716 558 1757 me
575 1698 763 1774 supphcarent.
800 1699 895 1775 Atque
908 1700 947 1759 ina
965 1701 995 1759 in
1016 1698 1110 1764 ruere·
1146 1725 1153 1756 r

226 1773 279 1833 bus
292 1793 362 1833 unus
376 1774 413 1833 est
426 1774 497 1832 sulus
511 1777 653 1843 inventus,
675 1777 722 1850 qui
737 1777 770 1833 ab
783 1775 835 1833 hac
849 1792 907 1833 tarn
921 1774 1048 1851 impensa
1059 1794 1112 1835 vo·
1149 1819 1153 1840 .,

226 1847 334 1911 luntate
346 1853 487 1911 bonorum
501 1849 591 1927 priam
607 1852 765 1919 diffideret,
799 1865 829 1910 ut
846 1855 932 1911 etiam
954 1857 995 1928 Q.
1009 1852 1111 1913 Metel·
1145 1885 1153 1907 a

228 1924 270 1986 lus
284 1928 402 1997 consul,
429 1928 478 2003 qui
500 1928 570 1986 mihi
584 1929 627 1986 vel
641 1926 763 1985 maxime
777 1945 811 1985 ex
829 1930 935 2003 magnis
950 1930 1110 1989 contentio·
1143 1942 1153 1989 ,Σ

228 2004 309 2063 nibus
319 2006 476 2081 reipublicae
489 2002 580 2062 fuiiiet
591 2006 737 2073 inimicus,
758 2004 793 2061 de
808 2022 870 2063 nrea
883 2004 965 2062 t'alute
979 2006 1110 2067 retulerit.

143 2142 146 2147 Α
230 2084 328 2157 “Qui
341 2084 474 2140 excitatus
485 2081 592 2139 summa
608 2100 674 2141 cunr
687 2079 867 2151 audoritate,
886 2082 1032 2141 P.Servilii
1044 2100 1110 2221 Ἆπι-

1067 2175 1110 2221 tm

229 2270 289 2309 uem
300 2253 430 2320 descripto
441 2253 615 2319 dixiffe,quafi
627 2272 657 2305 err
670 2259 792 2307 memoria
803 2261 843 2308 vel
855 2274 885 2309 ex
897 2270 1013 2324 tempore
1024 2261 1106 2313 dicen·

229 2324 251 2372 ιι
262 2320 335 2371 verba
344 2320 419 2369 esseut
430 2318 542 2369 defutura
552 2321 594 2370 lib.
602 2326 643 2370 lv.
651 2323 682 2370 ad
690 2324 800 2371 Atticum
811 2323 878 2386 epist.
888 2338 910 2370 2.
930 2326 1110 2388 Prapofiuuar-
1151 2348 1153 2355 ·

228 2387 304 2434 callim·
308 2387 415 2444 sententia
441 2402 492 2431 uam
504 2388 541 2432 ille
551 2388 575 2430 de
587 2388 667 2447 scrrpte
684 2390 778 2435 exerat.
812 2391 872 2435 Non
888 2387 962 2450 igitur
978 2389 1071 2452 primus
1085 2388 1110 2441 id

229 2446 334 2499 instituit
346 2402 480 2511 augurque,
496 2449 654 2512 quantumvis
670 2451 830 2514 Tranquillus
848 2453 875 2499 in
893 2451 1001 2500 Ostavio
1012 2469 1065 2521 cap.
1074 2470 1109 2517 ¹⁴·

229 2514 331 2561 innuere
347 2511 463 2561 videatur,
486 2516 583 2560 Abram.
627 2512 699 2561 Nihil
718 2513 748 2561 ad
765 2515 815 2563 hare
832 2515 974 2577 exemplum
991 2520 1111 2571 Suetonii.

230 2574 378 2625 seutentiam
389 2572 499 2623 derebus
510 2575 661 2639 gravioribus
675 2575 704 2624 de
716 2575 804 2643 scripto
816 2577 876 2642 saepe
892 2577 1015 2630 dicebant,
1030 2582 1112 2631 Tabu-

228 2641 297 2697 lam,
312 2641 352 2687 cui
361 2653 417 2687 eum
431 2636 610 2703 inscripserant,
629 2640 760 2689 vocabatur
773 2646 904 2707 periculum.
923 2642 1002 2693 ‘Hine
1012 2646 1041 2693 in
1053 2646 1109 2697 cod.

230 2707 257 2751 de
262 2705 374 2764 sententiis
382 2720 409 2749 ear
415 2707 509 2763 periculo
520 2708 648 2759 ret-irenen,
664 2706 713 2751 hoc
724 2705 771 2760 est,
788 2719 814 2752 ut
827 2707 916 2753 Cicero
929 2705 1113 2762 dixit‚dest1i·

230 2779 277 2832 pto
288 2764 411 2821 dicendis,
419 2766 449 2814 de
460 2765 509 2815 hoc
519 2769 599 2816 multa
610 2768 650 2817 Ci.
663 2767 792 2817 Salmaiiua
804 2767 835 2817 de
852 2767 934 2818 Modo
946 2767 1078 2822 usurarum
1087 2788 1114 2839 p.
1150 2818 1153 2825 .

231 2838 287 2888 671.
300 2831 327 2881 δι
337 2830 404 2894 seqq.
423 2835 525 2881 Gravius
1148 2834 1153 2869 ἵ

265 2909 302 2949 53.
319 2896 466 2951 Ratiatum]
486 2900 515 2942 In
526 2893 626 2943 senatu:
644 2906 670 2941 ut
683 2930 690 2952 ‚
708 2896 767 2961 quid
780 2894 903 2961 agendum
916 2898 942 2946 in
954 2899 1027 2947 illum
1039 2896 1114 2955 effet,

230 2954 406 3007 decerneretur.
438 2955 469 3005 de
479 2959 573 3006 Serrani
583 2959 673 3006 tribuni
685 2960 717 3023 pl.
737 2959 907 3010 intercessione
923 2964 1027 3011 relatum
1046 2961 1115 3021 effe,

230 3021 337 3086 legimus
349 3026 376 3069 in
386 3020 495 3084 epistolis
506 3022 536 3069 ad
547 3023 665 3071 Atticum,
684 3023 716 3072 iic
727 3026 804 3071 etiam
814 3024 845 3071 de
855 3028 1008 3074 tribunorum
1019 3026 1055 3090 pl.
1075 3024 1116 3075 fa·

233 3085 290 3142 sto,
307 3084 350 3149 qui
361 3082 456 3132 senatis
468 3082 580 3134 consulto
592 3085 622 3133 de
636 3087 725 3134 Galliis
736 3085 932 3146 immerserant,
944 3091 1050 3139 relatum
1056 3087 1114 3148 effe,

234 3147 315 3201 Cesar
326 3149 364 3198 his
375 3147 454 3197 verbis
464 3147 528 3198 libro
540 3155 559 3199 1.
572 3148 603 3198 de
614 3150 685 3198 Bello
696 3151 773 3200 Civili
784 3153 898 3216 tcriptum
911 3155 1024 3219 reliquit:
1033 3155 1118 3217 Refer·

234 3225 273 3261 tur
281 3213 391 3272 confestim
401 3216 426 3259 de
442 3213 578 3274 r'nterceffiorre
588 3217 738 3270 tribunorum,
750 3218 852 3264 ditamur
860 3222 967 3279 sententia
979 3234 1076 3280 graves,
1090 3230 1118 3269 nt

234 3278 326 3340 quisqrre
336 3276 461 3337 aeerdrffima
471 3278 651 3342 crudelrffimdque
660 3281 719 3325 dixit
730 3312 739 3335 ,
755 3283 788 3325 ira
799 3297 864 3343 quem
875 3299 924 3327 maa
930 3287 972 3328 ime
983 3283 1009 3328 ab
1020 3284 1119 3329 inimicia

235 3340 477 3398 Castriscollaudarur.
509 3341 555 3390 hac
566 3354 621 3390 tota
631 3340 661 3389 de
671 3356 697 3390 re
708 3344 823 3392 meminit
840 3344 928 3393 Cicero
946 3347 972 3393 δι
984 3346 1052 3394 inea
1062 3342 1119 3411 post
1147 3394 1153 3406 ,

237 3399 358 3451 Reditum
368 3405 395 3451 in
405 3408 502 3454 Senatu.
519 3411 546 3456 P.
553 3411 643 3455 Manat.

270 3481 308 3525 54.
325 3468 373 3528 Qr'
382 3470 580 3528 recitarussumma
589 3488 636 3519 cum
647 3472 776 3519 annornm
785 3476 813 3525 Ρ.
824 3469 942 3534 Servilii]
952 3475 983 3527 ln
993 3484 1079 3524 vetere
1088 3470 1122 3521 li·

142 3556 147 3604 .'
236 3526 297 3590 hro,
307 3529 453 3593 serranorum
463 3535 591 3588 annornm
601 3533 681 3597 vestra«
698 3532 778 3603 Utsruq
1034 3553 1073 3598 55·
1089 3542 1121 3605 ΕΙ,
