2318 3914
159 163 275 230 Pno
316 162 619 232 usmaro.
743 182 827 247 2493

28 265 181 343 'ompejus,
200 269 286 346 quise
299 284 359 327 non
371 266 460 328 solum
474 268 618 329 auctorem
631 282 705 327 nteae
716 267 807 328 salutis
812 306 825 336 ,

28 343 240 420 iamsuppliccnr
248 344 354 423 populo
368 344 503 405 Romano
515 345 648 404 exhibuit.
664 342 746 421 hirjut
758 360 823 403 ora-
872 344 936 403 Mi

28 423 170 495 pergravis
188 423 218 480 δι
229 436 305 498 grata
313 424 512 482 concionisuit.
526 421 822 490 ficcontcndomum·

38 514 136 574 neque
148 497 312 558 sententiam
328 501 385 575 ejus
405 500 593 567 auctoritate,
621 508 751 575 ¹³neque
764 496 823 557 elo.

28 572 105 642 iarn,
120 574 295 649 jucunditate
303 574 535 651 suissemajorem.

28 649 234 711 oiilentiosunt
240 651 326 710 auditi
338 652 430 711 deme
442 655 527 711 ceteri
538 651 675 728 principes
686 644 883 709 cintatioetou

28 724 133 784 idcirco
140 744 199 786 non
206 728 316 804 appello
330 728 474 801 hocloco,
494 746 600 787 nemea
607 729 715 796 oratio,
735 725 822 786 sirni-

28 802 144 880 ealiquo
152 804 265 873 dixero,
286 804 425 880 bingrata;
445 803 580 864 fisatisde
593 803 740 873 omnibus,
758 798 842 865 inii-b
856 801 954 913 infirm

28 876 68 936 ise
81 879 216 939 videatur.
241 881 323 940 Cedo
336 898 412 940 nunc
425 881 547 955 ejusdem
560 880 629 939 illius
640 881 748 939 inimici
761 862 871 939 meifl²²
920 870 976 927 “³⁴

28 955 145 1014 :eodem
154 956 189 1015 ad
197 975 294 1017 rerum
302 957 438 1033 populum
456 958 822 1033 ¹⁴incampoMartiocon·

28 1051 65 1090 m.
88 1035 261 1108 ¹5Quisnon
269 1033 359 1092 modo
368 1033 546 1109 approbavit,
564 1034 611 1093 sed
622 1052 682 1092 non
690 1032 823 1109 indignis-

28 1110 157 1167 isacinus
170 1112 289 1186 putavit,
310 1110 388 1168 illurn
397 1128 455 1169 non
462 1110 554 1169 dicam
568 1111 662 1188 ioqui,
681 1110 728 1171 sed
740 1112 820 1171 vive-

29 1183 152 1260 spirare?
171 1188 230 1263 quis
249 1189 318 1255 suit,
339 1188 453 1263 quinon
461 1186 819 1263 ejusvocemaculatirem·

28 1280 96 1377 torp:
116 1262 222 1339 seque,
241 1263 341 1322 sicum
356 1263 479 1333 audiret,
496 1264 597 1323 scelere
610 1263 822 1341 adiungimus..

28 1357 68 1397 ιι.

45 1415 100 1473 Vn
109 1435 128 1473 ιι
138 1433 149 1471 ι
158 1435 176 1472 o
191 1415 225 1475 ad
234 1414 423 1485 comitia‚s1ve
429 1415 634 1494 magistratuum
641 1415 746 1492 placet,
760 1411 883 1488 fite109]

28 1537 42 1552 ..
58 1493 196 1591 '¹⁶Leges
209 1493 337 1552 videmus
349 1493 421 1570 saepe
433 1495 498 1555 serti
509 1494 619 1554 multas.
636 1494 741 1554 omitto
755 1512 820 1569 eas,

756 1590 823 1651 quae

27 1714 116 1775 rinco‘pes
127 1715 228 1760 civitatis
236 1715 349 1776 producere
358 1714 517 1774 consueverunt.
535 1710 657 1769 Adverte,
673 1712 774 1778 quicum
792 1729 824 1765 ue

28 1788 93 1824 ratus
105 1775 180 1823 ess'enr
199 1778 288 1840 agendi
305 1790 361 1824 cunt
377 1778 470 1840 populo
488 1778 524 1835 ius
541 1773 658 1826 habuisse.
689 1728 823 1841 uionyflus

47 1844 149 1887 Brutum
160 1840 195 1887 ira
206 1842 352 1904 loquentem
364 1840 472 1889 inducit:
490 1841 599 1888 Tribunus
611 1843 706 1889 cosmon
716 1856 751 1903 ego
758 1843 820 1902 snm,

28 1906 31 1943 Γ
37 1903 78 1963 fao
90 1904 118 1960 est
124 1904 239 1964 secundum
250 1908 302 1967 leges
310 1907 412 1968 populum
424 1908 448 1951 in
459 1906 591 1959 concionem,
602 1920 651 1951 crem
660 1904 823 1961 sihmo'tmn·

40 1965 144 2015 Privatis
155 1981 213 2014 vero
225 1967 256 2015 ad
267 1969 386 2032 populum
396 1965 487 2023 licebat
497 1967 570 2015 nullo
580 1965 672 2022 modo,
682 1978 725 2015 ant
758 1982 818 2019 uam

28 2044 33 2076 ι
44 2028 153 2092 expulsts
163 2029 190 2077 id
201 2034 239 2094 Sp.
252 2031 366 2079 Lucretio
377 2026 517 2095 permissum
528 2029 561 2078 est
572 2062 580 2086 ‚
602 2041 629 2078 ut
639 2027 707 2079 idem
717 2042 727 2078 t
763 2044 818 2083 atur

28 2092 65 2142 ib.
76 2099 104 2142 V.
122 2093 214 2141 Securis
225 2091 376 2157 temporibus
387 2094 413 2143 id
424 2095 493 2143 licuit
504 2093 620 2158 quidem,
637 2092 677 2141 scd
687 2093 818 2145 itatamen

28 2155 166 2205 lucerentur
177 2156 207 2205 ab
218 2159 304 2222 aliquo
316 2157 458 2221 magistratu
469 2190 477 2214 ,
499 2159 525 2208 &
536 2158 745 2223 interrogarentur
755 2156 819 2224 quid
868 2184 874 2193 ·

28 2232 68 2278 nt,
86 2221 273 2285 juberenturque
284 2219 431 2271 sententiam
442 2218 510 2270 suam
519 2234 649 2285 exponere.
667 2225 767 2273 Abram.
904 2222 907 2227 '

28 2292 98 2348 Neque
108 2287 252 2347 eloquentiam
256 2288 395 2345 jucunditate
401 2287 468 2347 fuiffe
477 2289 607 2345 majorem]
633 2289 720 2337 Maiore
735 2300 818 2335 corre·

28 2346 212 2412 angustinus,
224 2350 249 2397 &
261 2349 297 2397 ita
307 2348 421 2412 scriptum
433 2347 516 2395 inveni
527 2352 554 2396 iu
564 2362 646 2397 vetere
655 2348 728 2397 libro.
743 2350 817 2412 Opti·

29 2427 86 2461 em:
99 2411 191 2474 semper
202 2413 270 2460 enirn
281 2415 391 2476 Pompeii
402 2410 525 2460 sententia
536 2425 628 2476 magna
638 2412 817 2464 auctoritate&

28 2478 98 2531 uria,
120 2489 211 2540 magna
227 2473 397 2536 jucunditate,
419 2488 444 2523 at
461 2489 589 2539 nunquam
603 2477 717 2536 maiore,
739 2490 817 2541 quatu

28 2547 95 2587 Ίιιιι.

28 2541 131 2666 [oscampo
144 2605 250 2662 Martio]
270 2607 300 2651 In
312 2602 360 2651 hoc
372 2615 461 2666 campo
472 2599 557 2650 habeti
567 2602 703 2651 centuriata
713 2604 816 2655 comitia

28 2679 45 2715 tt
57 2678 208 2714 armatorum
218 2664 328 2730 praefidio
337 2668 364 2715 in
375 2680 429 2714 arce
439 2663 527 2727 pofito.
545 2669 597 2713 Lex
609 2680 668 2713 vero
680 2666 766 2714 Clodii
772 2682 818 2716 ne·

32 2735 55 2779 S.
70 2733 100 2779 Ο.
114 2743 193 2793 neque
203 2730 310 2778 comitiis
322 2729 463 2778 centuriatis
473 2730 525 2777 lata
534 2742 585 2777 etat
597 2761 604 2784 ,
621 2727 661 2776 sed
673 2742 759 2777 contra
769 2743 815 2778 vo·

28 2810 55 2842 m
67 2791 163 2841 senatus
174 2794 270 2840 triburis
281 2794 390 2841 comitiis
401 2794 428 2840 in
438 2790 504 2843 foro.
520 2806 549 2839 ea
558 2806 631 2848 vero,
649 2805 724 2855 quarn
735 2791 765 2841 de
776 2807 815 2842 tc·

29 2872 46 2905 o
60 2858 181 2906 cicerone
194 2862 218 2905 Ρ.
227 2858 344 2905 Lentulus
355 2872 405 2906 cos.
422 2857 494 2912 tulit,
511 2870 541 2905 ex
553 2859 576 2906 S.
589 2860 620 2905 c.
634 2856 743 2905 comitiis
753 2870 813 2907 ceu-

39 2922 67 2967 in
79 2934 168 2983 campo
180 2923 274 2968 Martio
285 2922 336 2968 lata
347 2921 388 2969 est.
408 2926 492 2969 Heroon.

28 2988 80 3044 Quis
92 3003 132 3029 non
144 2987 202 3030 modo
220 2988 366 3046 approoaoirq
398 2988 436 3031 lta
447 2984 510 3031 olim
521 2982 686 3049 Pantagathus
697 2983 816 3033 emenda·

28 3048 134 3096 irionem
145 3046 285 3104 hujusmodi
296 3046 474 3111 comprobante
484 3048 589 3112 antiquo
605 3048 682 3096 etiam
693 3047 773 3104 libro,
784 3048 814 3096 in

28 3111 59 3160 ⁷12
71 3110 118 3166 est,
136 3113 240 3172 respirare
251 3126 295 3172 pro
304 3114 396 3173 spirare.
414 3110 495 3161 Ursus.

28 3181 82 3234 Leges
93 3176 212 3234 nidenan]
234 3175 373 3222 Intticatiot
385 3173 462 3223 sensus
474 3188 550 3240 quam
559 3186 586 3222 ut
597 3173 673 3223 facile
683 3173 756 3238 poffit
769 3189 813 3225 cx·

34 3239 73 3286 Sic
85 3238 192 3285 extrito:
210 3244 273 3301 Leges
283 3242 383 3286 videmus
389 3240 440 3302 sepe
448 3239 507 3296 ferri
517 3241 605 3287 multat.
618 3241 715 3286 contendo
726 3241 811 3287 natrano

28 3305 79 3362 ruffe
86 3305 209 3364 popularem
219 3319 245 3348 ea
256 3306 298 3364 lege
308 3318 352 3365 quo
360 3304 410 3360 soem
420 3304 683 3363 dehonestamento
690 3307 812 3365 gratiorem

28 3368 71 3413 ”nono
81 3370 158 3428 patrie
169 3366 286 3424 restiturus.
320 3362 386 3413 Dicit
397 3377 483 3412 tamen
501 3362 524 3413 se
539 3366 660 3428 praeterite
676 3379 717 3413 eas
727 3366 809 3431 leges,

28 3443 88 3477 *ntur
99 3433 132 3476 ira
143 3431 185 3475 vix
195 3442 220 3475 uc
229 3432 295 3493 quini
300 3430 326 3480 sc
333 3432 358 3476 ln'
367 3431 448 3478 exalia
457 3430 572 3493 errimqm‘
582 3426 712 3493 suffragium
717 3432 811 3490 ferant,

28 3506 71 3549 rur.
104 3489 277 3556 Quiasottarse
288 3490 459 3547 creditorum
469 3491 537 3560 reget
553 3491 615 3550 auat
630 3488 762 3606 frumen
777 3491 810 3564 qe

741 3568 813 3619 52³⁰
