2318 3914
235 187 318 250 2440
558 173 802 243 Onnrro

232 278 343 339 cladem
355 294 409 339 uos
428 280 458 340 δι
472 296 579 340 omnes
587 280 654 340 boui
662 282 820 341 maximum
827 278 881 341 else
888 281 928 340 rei
947 281 1117 345 ublluaevtrl-

230 372 283 415 nur
291 357 449 432 judicastis;
470 359 535 418 &R
543 359 650 417 Sextius
657 358 695 417 est
702 377 829 417 reusnon
841 359 907 428 suo,
924 298 973 418 {Ped
986 352 1130 421 menno-⁴

231 433 324 491 mine:
345 435 393 511 qui
407 434 472 493 cum
485 451 603 495 omnem
616 436 677 494 vim
689 436 728 495 sui
741 435 892 495 tribunatus
905 434 935 493 in
954 452 1021 495 mea
1031 436 1116 497 saluto

232 510 444 587 consumpserit,
462 510 616 571 necesseest
628 529 724 571 meam
739 512 847 571 causam
860 513 992 587 praeteriti
1003 526 1120 592 rempo-

232 586 269 645 tis
282 604 349 645 cum
357 588 436 663 hujus
443 588 566 664 praesenti
574 588 736 648 defensione
742 587 796 647 effe
802 588 996 663 conjundlami

186 669 222 731 32
272 663 352 723 XIV.
371 664 476 724 Eunu
496 683 642 724 terrun
657 665 768 725 inludiu
780 666 901 724 senatus:
922 666 1062 742 squalebat
1076 668 1118 725 ci·

234 739 320 809 viras,
340 740 451 817 publico
466 742 582 801 consilio
596 740 702 800 mutati
715 741 809 801 veste:
829 741 938 801 nullum
952 756 1012 801 erat
1029 742 1117 802 ltaliae

233 816 436 894 municipium,
455 818 528 877 nulla
536 818 665 888 colonia,
684 817 758 877 nulla
772 818 953 896 praefedma,
972 820 1119 878 nullaRo-

68 895 159 967 ΜΨ·
170 897 218 943 edd.
233 910 291 951 mae
301 892 416 955 societas
436 894 629 971 vestigalium,
655 894 764 954 nullum
785 896 936 971 collegium
955 908 1002 955 aut
1022 911 1117 954 ocon-

70 954 210 1009 ⁶⁰¹¹ffl¹¹¹¹¹¹·
233 969 345 1040 cilium,
364 984 411 1029 aut
425 974 544 1030 omnino
558 969 671 1048 aliquod
684 988 840 1031 commune
853 971 1016 1042 confilium,
1034 972 1113 1049 quod

233 1057 293 1105 tum
302 1064 359 1106 non
371 1045 854 1108 honorificentissimedocrevifferde
862 1049 1029 1109 measalure:
1044 1048 1110 1106 crim

231 1121 320 1182 subito
334 1124 446 1184 edicunt
452 1123 509 1184 duo
522 1124 664 1194 consules,
685 1124 757 1184 urad
770 1125 850 1183 suum
860 1125 992 1184 vestitum
1005 1125 1115 1185 senarov

69 1190 219 1273 geonsoest
232 1216 274 1259 res
288 1200 417 1260 redirent.
435 1203 650 1278 Quinumquam
665 1201 911 1260 uconsulsenatum
924 1201 1006 1277 ipsius
1019 1200 1115 1261 decre-

70 1259 173 1309 snMSS.
230 1277 265 1333 ris
278 1274 373 1352 parere
379 1277 540 1354 prohibuit?
559 1279 620 1356 quis
632 1289 765 1354 tyrannus
773 1278 887 1338 miseros
901 1278 994 1353 lugere
1002 1278 1114 1337 vetuit?

230 1352 369 1413 Parumne
376 1356 429 1424 est,
449 1354 527 1424 Piso,
546 1367 578 1413 ut
590 1357 721 1413 omittam
729 1355 898 1425 Gabinium,
916 1354 1116 1432 quodtantum

229 1429 1026 1507 hominesfefellisti,utnegllgeresautloritatemsenatus?
1039 1434 1118 1508 opti·
1145 1464 1149 1469 -

230 1508 270 1567 mi
279 1509 411 1584 eujusque
425 1508 537 1568 consilia
552 1519 746 1567 contemneres
760 1507 773 1566 ἓ
798 1508 999 1584 rempublicam
1012 1508 1118 1583 prode,

110 1598 175 1649 ux.
230 1582 293 1644 res?
313 1583 728 1661 consularenomenaffligeres?
749 1583 1117 1657 etiamneedicereaudeas,

232 1679 269 1720 ne
283 1662 568 1721 maerereuthomines
584 1679 694 1731 meam,
713 1661 808 1731 suam,
827 1661 986 1738 reipublicae
1000 1660 1117 1720 calami*

69 1751 216 1817 qnevealu.
233 1737 343 1797 tatem?
362 1738 585 1798 unehuncsuum
594 1738 721 1797 dolorem
736 1737 852 1798 rvestefi
891 1735 1035 1796 ificatent?
1055 1738 1115 1797 five

67 1834 80 1866 1
97 1814 219 1891 vellemu-
233 1814 277 1874 illa
291 1815 370 1874 vestis
384 1816 501 1874 mutatio
515 1815 550 1874 ad
564 1813 669 1873 ludium
684 1815 821 1890 ipsorum,
851 1832 897 1872 ive
911 1812 946 1872 ad
961 1812 1117 1888 deprecan-

68 1891 122 1937 1⁸12
134 1883 176 1928 ’Μ’
234 1891 303 1950 dum
317 1892 440 1962 valebat,
460 1891 521 1969 quis
535 1908 669 1967 umquam
683 1905 742 1949 tam
756 1891 871 1951 crudelis
887 1892 940 1949 fult
954 1930 963 1959 ,
983 1891 1032 1967 qui
1047 1909 1116 1966 pro-

232 1968 338 2085 hiberet
358 1985 531 2048 quemquam
551 1981 599 2033 aut
614 1968 663 2029 fibi
688 1984 802 2029 tnaerere
822 1979 871 2033 aut
897 1967 995 2027 ceteris
1013 1967 1116 2054 suppli,

234 2063 312 2105 care.

184 2146 218 2211 ³³
235 2121 881 2276 illdlrltllllltltlltllrtllffilll
896 2120 1115 2258 pfflffi

231 2273 322 2335 tavit?
340 2293 377 2334 ne
391 2275 431 2334 iili
444 2276 576 2362 quidem,
597 2288 705 2353 ltquos
719 2242 824 2353 legat’os
845 2241 906 2333 no’n
926 2274 1014 2335 modo
1034 2277 1115 2335 nullo

230 2352 480 2424 senatusconsulto,
498 2352 641 2414 sedetiam
657 2359 826 2428 repugnante
847 2353 964 2419 senatu,
983 2362 1042 2409 tute
1063 2353 1116 2415 tibi

231 2428 342 2505 legasti?
363 2430 437 2504 Ergo
451 2428 575 2489 hominis
595 2430 726 2505 desperati
744 2428 937 2506 &proditoris
956 2427 1116 2502 reipublicae¹

232 2504 580 2581 casumlugebunrfortaffe
593 2509 641 2583 qui
657 2506 767 2564 volent:
789 2506 857 2569 civis
871 2505 1052 2565 florentiffimi
1066 2507 1116 2565 be.-

232 2581 385 2642 nivolentri
399 2583 556 2650 bonorum,
576 2584 606 2640 &
620 2580 727 2657 oprimd
742 2582 776 2642 de
796 2582 879 2640 salute
898 2582 993 2656 patriae
1006 2585 1118 2654 meriti,

42 2642 216 2712 ·sl²‘⁴l·.s‘lr·
231 2658 403 2734 periculum,
423 2658 603 2734 conjundtum
620 2677 686 2717 curn
707 2659 831 2733 periculo
852 2658 995 2725 civitatis,
1020 2658 1116 2732 lugere

67 2727 129 2829 3ζῖ
139 2714 218 2825 ἓξὲξ
229 2737 333 2813 senatui
341 2734 519 2810 nonlicebir?
539 2747 567 2786 ⁷⁵
578 2735 668 2802 iidem
677 2735 815 2813 consules²
831 2735 857 2812 (s
865 2733 1112 2818 fiappellandisunt

1043 2826 1113 2882 con-

263 2956 301 2999 74.
320 2941 382 3002 Qus
392 2943 468 3003 legatus
485 2974 492 2988 .
510 2973 517 2997 2
535 2971 543 2986 .
560 2939 603 2985 tibi
613 2937 706 3002 segaſsr'.]
723 2935 806 2994 Etiam
817 2933 880 3048 gatti
891 2932 956 2984 hunc
966 2932 1116 2984 locumfuis·

229 3002 254 3052 se
266 3002 398 3065 suspetlum
409 3003 496 3057 video,
513 3003 549 3049 ita
565 3014 591 3049 ut
611 3001 641 3050 de
658 3004 694 3050 eal
708 3004 785 3063 legatos
802 3014 816 3047 a
834 2998 940 3057 jiciendo
957 2998 1113 3063 cogitaverit.

230 3066 276 3114 Sed
290 3067 409 3115 viilorius
421 3065 451 3125 ad
462 3064 505 3112 lib.
513 3070 555 3112 lv.
563 3064 630 3129 epist.
638 3064 667 3113 ad
681 3052 755 3113 istrie.
766 3080 801 3117 ις.
809 3061 946 3126 corrigebat
957 3062 1114 3173 legijli,qqrod

225 3131 364 3195 ‘Lambinus
375 3144 405 3191 eu
417 3135 444 3178 V.
459 3132 489 3177 C.
502 3130 579 3187 etiam
592 3128 736 3188 annotabat.
768 3126 814 3176 Sed
826 3127 922 3195 poliunt
934 3126 1032 3191 vulgata
1070 3127 1112 3176 rri.

231 3197 329 3241 Gronov.

260 3272 272 3312 7
277 3272 298 3317 5,-
316 3260 387 3304 lr'dem
397 3259 509 3317 confram
526 3254 631 3303 Clodius
642 3267 668 3313 ut
680 3253 806 3320 rogationi
818 3250 862 3301 suae
875 3252 905 3302 do
915 3249 1057 3324 expulsione
1068 3252 1116 3302 Ci-

228 3319 326 3367 ceronis
339 3321 448 3384 aliquem
460 3318 553 3379 justitiae
565 3320 678 3373 colorem
689 3319 810 3369 inveniret
822 3351 829 3373 ‚
846 3331 900 3366 tum
911 3317 1006 3381 aliquot
1019 3317 1114 3378 princi-

246 3399 270 3431 es
283 3383 404 3439 civitatis,
420 3397 474 3432 tum
485 3382 607 3446 imprimis
620 3380 740 3431 Consules
756 3382 783 3429 in
800 3383 866 3429 circo
877 3380 1001 3429 Flaminio
1019 3379 1116 3442 produ-

227 3399 264 3505 {ir
277 3446 302 3494 ln
314 3449 574 3513 correiorrem,eosque
586 3448 669 3505 palam
681 3446 794 3495 audiente
804 3445 900 3515 populo
910 3445 1116 3494 Romanuintet-

227 3513 338 3583 rogavit,
356 3510 416 3589 quid
426 3508 542 3569 sentirent
560 3508 591 3571 de
603 3513 640 3567 ll.
649 3511 726 3569 Tullii
738 3509 890 3568 contulum,
906 3504 1043 3624 responditc
1049 3505 1116 3631 Eis&
