<?xml version="1.0" encoding="UTF-8"?>
<!DOCTYPE html PUBLIC "-//W3C//DTD XHTML 1.0 Transitional//EN"
    "http://www.w3.org/TR/xhtml1/DTD/xhtml1-transitional.dtd">
<html xmlns="http://www.w3.org/1999/xhtml" xml:lang="en" lang="en">
 <head>
  <title>
</title>
<meta http-equiv="Content-Type" content="text/html;charset=utf-8" />
  <meta name='ocr-system' content='tesseract 3.04.00' />
  <meta name='ocr-capabilities' content='ocr_page ocr_carea ocr_par ocr_line ocrx_word'/>
</head>
<body>
  <div class='ocr_page' id='page_1' title='image "./marcitulliicice08pedigoog_0057.png"; bbox 0 0 2318 3914; ppageno 0'>
   <div class='ocr_carea' id='block_1_1' title="bbox 213 114 781 197">
    <p class='ocr_par' dir='ltr' id='par_1_1' title="bbox 213 114 781 197">
     <span class='ocr_line' id='line_1_1' title="bbox 213 114 781 197; baseline 0.007 -18"><span class='ocrx_word' id='word_1_1' title='bbox 213 114 302 197; x_wconf 77' lang='lat'>&#39;2458</span> <span class='ocrx_word' id='word_1_2' title='bbox 534 117 781 183; x_wconf 71' lang='lat' dir='ltr'><strong>oruntio</strong></span> 
     </span>
    </p>
   </div>
   <div class='ocr_carea' id='block_1_2' title="bbox 122 217 1121 2043">
    <p class='ocr_par' dir='ltr' id='par_1_2' title="bbox 215 217 1121 296">
     <span class='ocr_line' id='line_1_2' title="bbox 215 217 1121 296; baseline 0.007 -14"><span class='ocrx_word' id='word_1_3' title='bbox 215 218 383 296; x_wconf 84' lang='lat' dir='ltr'><strong>Byzantium</strong></span> <span class='ocrx_word' id='word_1_4' title='bbox 391 222 573 284; x_wconf 84' lang='lat' dir='ltr'><strong>condemnati</strong></span> <span class='ocrx_word' id='word_1_5' title='bbox 583 231 663 293; x_wconf 82' lang='lat' dir='ltr'><strong>tum,</strong></span> <span class='ocrx_word' id='word_1_6' title='bbox 678 220 743 284; x_wconf 86' lang='lat' dir='ltr'><strong>cbm</strong></span> <span class='ocrx_word' id='word_1_7' title='bbox 750 221 906 285; x_wconf 71' lang='lat' dir='ltr'><strong>indemnati</strong></span> <span class='ocrx_word' id='word_1_8' title='bbox 915 225 993 288; x_wconf 75' lang='lat' dir='ltr'><strong>citet</strong></span> <span class='ocrx_word' id='word_1_9' title='bbox 1005 217 1121 295; x_wconf 70' lang='lat' dir='ltr'><strong>euni-j·</strong></span> 
     </span>
    </p>

    <p class='ocr_par' dir='ltr' id='par_1_3' title="bbox 166 301 1121 455">
     <span class='ocr_line' id='line_1_3' title="bbox 166 301 901 376; baseline 0.004 -22"><span class='ocrx_word' id='word_1_10' title='bbox 166 357 168 363; x_wconf 67' lang='grc'>,</span> <span class='ocrx_word' id='word_1_11' title='bbox 214 305 273 357; x_wconf 87' lang='lat' dir='ltr'><strong>tate</strong></span> <span class='ocrx_word' id='word_1_12' title='bbox 288 301 474 376; x_wconf 75' lang='lat' dir='ltr'>ejiciebantur.</span> <span class='ocrx_word' id='word_1_13' title='bbox 755 358 758 369; x_wconf 81' lang='grc'>,</span> <span class='ocrx_word' id='word_1_14' title='bbox 896 328 901 338; x_wconf 91' lang='grc'><em>·</em></span> 
     </span>
     <span class='ocr_line' id='line_1_4' title="bbox 169 361 1118 455; baseline -0.001 -21"><span class='ocrx_word' id='word_1_15' title='bbox 169 361 205 425; x_wconf 78' lang='lat'><strong>5⁷</strong></span> <span class='ocrx_word' id='word_1_16' title='bbox 256 377 319 437; x_wconf 81' lang='lat' dir='ltr'><strong>Rex</strong></span> <span class='ocrx_word' id='word_1_17' title='bbox 334 381 361 416; x_wconf 84' lang='lat'><strong>²⁶</strong></span> <span class='ocrx_word' id='word_1_18' title='bbox 370 377 554 448; x_wconf 76' lang='lat' dir='ltr'><strong>Ptolemaeus,</strong></span> <span class='ocrx_word' id='word_1_19' title='bbox 574 377 623 455; x_wconf 91' lang='lat' dir='ltr'><strong>qui</strong></span> <span class='ocrx_word' id='word_1_20' title='bbox 636 375 1040 455; x_wconf 78' lang='lat' dir='ltr'><strong>finondumeratipsedsenatu</strong></span> <span class='ocrx_word' id='word_1_21' title='bbox 1053 373 1118 433; x_wconf 50' lang='lat' dir='ltr'><strong>soi,</strong></span> 
     </span>
    </p>

    <p class='ocr_par' dir='ltr' id='par_1_4' title="bbox 206 448 1121 542">
     <span class='ocr_line' id='line_1_5' title="bbox 206 448 1121 542; baseline 0 -29"><span class='ocrx_word' id='word_1_22' title='bbox 206 452 446 537; x_wconf 45' lang='lat' dir='ltr'><strong>‚diuappellatum</strong></span> <span class='ocrx_word' id='word_1_23' title='bbox 461 467 518 515; x_wconf 87' lang='lat' dir='ltr'><strong>erat</strong></span> <span class='ocrx_word' id='word_1_24' title='bbox 530 467 625 513; x_wconf 87' lang='lat' dir='ltr'><strong>tamen</strong></span> <span class='ocrx_word' id='word_1_25' title='bbox 633 455 716 515; x_wconf 84' lang='lat' dir='ltr'><strong>irater</strong></span> <span class='ocrx_word' id='word_1_26' title='bbox 723 455 781 530; x_wconf 85' lang='lat' dir='ltr'><strong>ejus</strong></span> <span class='ocrx_word' id='word_1_27' title='bbox 788 456 873 532; x_wconf 86' lang='lat' dir='ltr'><strong>regis,</strong></span> <span class='ocrx_word' id='word_1_28' title='bbox 892 453 1015 542; x_wconf 75' lang='lat' dir='ltr'><strong>quicum</strong></span> <span class='ocrx_word' id='word_1_29' title='bbox 1030 448 1101 513; x_wconf 75' lang='lat' dir='ltr'><strong>effet</strong></span> <span class='ocrx_word' id='word_1_30' title='bbox 1112 500 1121 531; x_wconf 77' lang='lat' dir='ltr'><strong>r</strong></span> 
     </span>
    </p>

    <p class='ocr_par' dir='ltr' id='par_1_5' title="bbox 215 527 1121 609">
     <span class='ocr_line' id='line_1_6' title="bbox 215 527 1121 609; baseline -0.003 -20"><span class='ocrx_word' id='word_1_31' title='bbox 215 531 246 589; x_wconf 92' lang='lat' dir='ltr'><strong>in</strong></span> <span class='ocrx_word' id='word_1_32' title='bbox 261 530 359 590; x_wconf 88' lang='lat' dir='ltr'><strong>eadem</strong></span> <span class='ocrx_word' id='word_1_33' title='bbox 375 531 469 602; x_wconf 84' lang='lat' dir='ltr'><strong>causa,</strong></span> <span class='ocrx_word' id='word_1_34' title='bbox 486 533 545 608; x_wconf 88' lang='lat' dir='ltr'><strong>jam</strong></span> <span class='ocrx_word' id='word_1_35' title='bbox 554 529 634 590; x_wconf 75' lang='lat' dir='ltr'><strong>erati</strong></span> <span class='ocrx_word' id='word_1_36' title='bbox 645 530 741 590; x_wconf 89' lang='lat' dir='ltr'><strong>senatu</strong></span> <span class='ocrx_word' id='word_1_37' title='bbox 754 531 894 592; x_wconf 87' lang='lat' dir='ltr'>honorem</span> <span class='ocrx_word' id='word_1_38' title='bbox 907 531 988 590; x_wconf 82' lang='lat' dir='ltr'><strong>istum</strong></span> <span class='ocrx_word' id='word_1_39' title='bbox 1001 527 1121 609; x_wconf 48' lang='lat' dir='ltr'><strong>consent</strong></span> 
     </span>
    </p>

    <p class='ocr_par' dir='ltr' id='par_1_6' title="bbox 122 566 1121 685">
     <span class='ocr_line' id='line_1_7' title="bbox 122 566 1121 685; baseline -0.003 -18"><span class='ocrx_word' id='word_1_40' title='bbox 122 624 125 629; x_wconf 83' lang='lat'><em>·</em></span> <span class='ocrx_word' id='word_1_41' title='bbox 215 619 310 667; x_wconf 88' lang='lat' dir='ltr'><strong>cutus:</strong></span> <span class='ocrx_word' id='word_1_42' title='bbox 331 620 389 668; x_wconf 87' lang='lat' dir='ltr'><strong>erat</strong></span> <span class='ocrx_word' id='word_1_43' title='bbox 403 609 506 669; x_wconf 90' lang='lat' dir='ltr'><strong>eodem</strong></span> <span class='ocrx_word' id='word_1_44' title='bbox 520 625 621 684; x_wconf 84' lang='lat' dir='ltr'><strong>genere</strong></span> <span class='ocrx_word' id='word_1_45' title='bbox 639 605 796 685; x_wconf 71' lang='lat' dir='ltr'>iisdemque</span> <span class='ocrx_word' id='word_1_46' title='bbox 809 609 975 684; x_wconf 85' lang='lat' dir='ltr'><strong>majoribus,</strong></span> <span class='ocrx_word' id='word_1_47' title='bbox 996 566 1121 675; x_wconf 64' lang='lat' dir='ltr'><strong>eademi</strong></span> 
     </span>
    </p>

    <p class='ocr_par' dir='ltr' id='par_1_7' title="bbox 218 680 1121 763">
     <span class='ocr_line' id='line_1_8' title="bbox 218 680 1121 763; baseline -0.003 -20"><span class='ocrx_word' id='word_1_48' title='bbox 218 684 390 745; x_wconf 80' lang='lat' dir='ltr'><strong>⁸⁷verustate</strong></span> <span class='ocrx_word' id='word_1_49' title='bbox 401 685 552 746; x_wconf 86' lang='lat' dir='ltr'><strong>societatis:</strong></span> <span class='ocrx_word' id='word_1_50' title='bbox 574 684 695 763; x_wconf 89' lang='lat' dir='ltr'><strong>denique</strong></span> <span class='ocrx_word' id='word_1_51' title='bbox 707 698 764 746; x_wconf 88' lang='lat' dir='ltr'><strong>erat</strong></span> <span class='ocrx_word' id='word_1_52' title='bbox 777 703 846 756; x_wconf 85' lang='lat' dir='ltr'><strong>tex,</strong></span> <span class='ocrx_word' id='word_1_53' title='bbox 866 684 886 744; x_wconf 86' lang='lat' dir='ltr'>fi</span> <span class='ocrx_word' id='word_1_54' title='bbox 904 684 1036 745; x_wconf 89' lang='lat' dir='ltr'><strong>nondum</strong></span> <span class='ocrx_word' id='word_1_55' title='bbox 1055 680 1121 753; x_wconf 53' lang='lat' dir='ltr'><strong>sous</strong></span> 
     </span>
    </p>

    <p class='ocr_par' dir='ltr' id='par_1_8' title="bbox 219 761 1121 838">
     <span class='ocr_line' id='line_1_9' title="bbox 219 761 1121 838; baseline 0.007 -19"><span class='ocrx_word' id='word_1_56' title='bbox 219 761 295 831; x_wconf 85' lang='lat' dir='ltr'><strong>cius,</strong></span> <span class='ocrx_word' id='word_1_57' title='bbox 315 773 343 820; x_wconf 92' lang='lat' dir='ltr'><strong>at</strong></span> <span class='ocrx_word' id='word_1_58' title='bbox 350 779 408 821; x_wconf 90' lang='lat' dir='ltr'><strong>non</strong></span> <span class='ocrx_word' id='word_1_59' title='bbox 415 761 497 821; x_wconf 86' lang='lat' dir='ltr'><strong>hostis</strong></span> <span class='ocrx_word' id='word_1_60' title='bbox 501 781 511 833; x_wconf 69' lang='grc' dir='ltr'><strong>,ι</strong></span> <span class='ocrx_word' id='word_1_61' title='bbox 531 773 661 837; x_wconf 81' lang='lat' dir='ltr'><strong>pacatus,</strong></span> <span class='ocrx_word' id='word_1_62' title='bbox 678 761 801 838; x_wconf 85' lang='lat' dir='ltr'><strong>quietus,</strong></span> <span class='ocrx_word' id='word_1_63' title='bbox 819 763 904 821; x_wconf 84' lang='lat' dir='ltr'><strong>fretus</strong></span> <span class='ocrx_word' id='word_1_64' title='bbox 917 761 1121 837; x_wconf 64' lang='lat' dir='ltr'><strong>imperiopoe&#39;i</strong></span> 
     </span>
    </p>

    <p class='ocr_par' dir='ltr' id='par_1_9' title="bbox 220 834 1121 917">
     <span class='ocr_line' id='line_1_10' title="bbox 220 834 1121 917; baseline -0.001 -23"><span class='ocrx_word' id='word_1_65' title='bbox 220 837 279 917; x_wconf 85' lang='lat' dir='ltr'><strong>puli</strong></span> <span class='ocrx_word' id='word_1_66' title='bbox 293 839 433 907; x_wconf 85' lang='lat' dir='ltr'><strong>Romani,</strong></span> <span class='ocrx_word' id='word_1_67' title='bbox 452 854 539 913; x_wconf 90' lang='lat' dir='ltr'><strong>regno</strong></span> <span class='ocrx_word' id='word_1_68' title='bbox 559 850 674 914; x_wconf 87' lang='lat' dir='ltr'><strong>paterno</strong></span> <span class='ocrx_word' id='word_1_69' title='bbox 693 849 776 914; x_wconf 86' lang='lat' dir='ltr'><strong>atque</strong></span> <span class='ocrx_word' id='word_1_70' title='bbox 795 839 893 898; x_wconf 84' lang='lat' dir='ltr'><strong>avito:</strong></span> <span class='ocrx_word' id='word_1_71' title='bbox 932 856 945 897; x_wconf 91' lang='lat' dir='ltr'><strong>r</strong></span> <span class='ocrx_word' id='word_1_72' title='bbox 1008 837 1017 893; x_wconf 90' lang='lat' dir='ltr'><strong>i</strong></span> <span class='ocrx_word' id='word_1_73' title='bbox 1036 834 1121 909; x_wconf 68' lang='lat' dir='ltr'><strong>otio}</strong></span> 
     </span>
    </p>

    <p class='ocr_par' dir='ltr' id='par_1_10' title="bbox 220 913 1121 990">
     <span class='ocr_line' id='line_1_11' title="bbox 220 913 1121 990; baseline -0.003 -18"><span class='ocrx_word' id='word_1_74' title='bbox 220 914 420 990; x_wconf 86' lang='lat' dir='ltr'><strong>perfruebatur.</strong></span> <span class='ocrx_word' id='word_1_75' title='bbox 451 913 486 972; x_wconf 86' lang='lat' dir='ltr'><strong>de</strong></span> <span class='ocrx_word' id='word_1_76' title='bbox 506 913 562 971; x_wconf 91' lang='lat' dir='ltr'><strong>hoc</strong></span> <span class='ocrx_word' id='word_1_77' title='bbox 584 913 652 971; x_wconf 85' lang='lat' dir='ltr'><strong>nihil</strong></span> <span class='ocrx_word' id='word_1_78' title='bbox 672 915 828 989; x_wconf 85' lang='lat' dir='ltr'><strong>cogitante,</strong></span> <span class='ocrx_word' id='word_1_79' title='bbox 846 913 947 974; x_wconf 84' lang='lat' dir='ltr'><strong>nihils</strong></span> <span class='ocrx_word' id='word_1_80' title='bbox 972 913 1121 989; x_wconf 52' lang='lat' dir='ltr'><strong>picture„</strong></span> 
     </span>
    </p>

    <p class='ocr_par' dir='ltr' id='par_1_11' title="bbox 179 987 1121 1371">
     <span class='ocr_line' id='line_1_12' title="bbox 179 987 1121 1067; baseline -0.004 -18"><span class='ocrx_word' id='word_1_81' title='bbox 179 1028 181 1035; x_wconf 90' lang='lat'>·</span> <span class='ocrx_word' id='word_1_82' title='bbox 222 989 326 1050; x_wconf 91' lang='lat' dir='ltr'><strong>eisdem</strong></span> <span class='ocrx_word' id='word_1_83' title='bbox 339 990 430 1066; x_wconf 86' lang='lat' dir='ltr'><strong>operis</strong></span> <span class='ocrx_word' id='word_1_84' title='bbox 442 988 597 1065; x_wconf 76' lang='lat' dir='ltr'><strong>suffragium</strong></span> <span class='ocrx_word' id='word_1_85' title='bbox 612 991 776 1061; x_wconf 87' lang='lat' dir='ltr'><strong>serentibus,</strong></span> <span class='ocrx_word' id='word_1_86' title='bbox 796 992 833 1051; x_wconf 89' lang='lat' dir='ltr'><strong>est</strong></span> <span class='ocrx_word' id='word_1_87' title='bbox 852 987 1102 1067; x_wconf 86' lang='lat' dir='ltr'><strong>rogatum,ut,se·</strong></span> <span class='ocrx_word' id='word_1_88' title='bbox 1119 1014 1121 1019; x_wconf 96' lang='lat'>·</span> 
     </span>
     <span class='ocr_line' id='line_1_13' title="bbox 221 1065 1100 1143; baseline -0.005 -18"><span class='ocrx_word' id='word_1_89' title='bbox 221 1067 291 1125; x_wconf 89' lang='lat' dir='ltr'><strong>dens</strong></span> <span class='ocrx_word' id='word_1_90' title='bbox 311 1083 376 1125; x_wconf 92' lang='lat' dir='ltr'><strong>cum</strong></span> <span class='ocrx_word' id='word_1_91' title='bbox 390 1083 508 1143; x_wconf 82' lang='lat' dir='ltr'>purpura</span> <span class='ocrx_word' id='word_1_92' title='bbox 528 1068 558 1124; x_wconf 69' lang='grc' dir='ltr'><strong>ὃ(</strong></span> <span class='ocrx_word' id='word_1_93' title='bbox 571 1065 702 1142; x_wconf 88' lang='lat' dir='ltr'><strong>sceptro,</strong></span> <span class='ocrx_word' id='word_1_94' title='bbox 736 1069 766 1126; x_wconf 78' lang='lat' dir='ltr'><strong>bc</strong></span> <span class='ocrx_word' id='word_1_95' title='bbox 780 1068 830 1127; x_wconf 88' lang='lat' dir='ltr'><strong>illis</strong></span> <span class='ocrx_word' id='word_1_96' title='bbox 842 1067 990 1142; x_wconf 78' lang='lat' dir='ltr'><strong>insignibus</strong></span> <span class='ocrx_word' id='word_1_97' title='bbox 1000 1065 1100 1140; x_wconf 89' lang='lat' dir='ltr'><strong>regiis,</strong></span> 
     </span>
     <span class='ocr_line' id='line_1_14' title="bbox 220 1142 1100 1220; baseline -0.003 -19"><span class='ocrx_word' id='word_1_98' title='bbox 220 1145 346 1218; x_wconf 81' lang='lat' dir='ltr'><strong>praeconi</strong></span> <span class='ocrx_word' id='word_1_99' title='bbox 360 1143 471 1219; x_wconf 89' lang='lat' dir='ltr'><strong>publico</strong></span> <span class='ocrx_word' id='word_1_100' title='bbox 483 1143 657 1216; x_wconf 85' lang='lat' dir='ltr'><strong>subjiceretur</strong></span> <span class='ocrx_word' id='word_1_101' title='bbox 671 1163 679 1202; x_wconf 84' lang='lat' dir='ltr'><strong>r</strong></span> <span class='ocrx_word' id='word_1_102' title='bbox 700 1144 896 1220; x_wconf 86' lang='lat' dir='ltr'><strong>&amp;imperante</strong></span> <span class='ocrx_word' id='word_1_103' title='bbox 910 1142 1016 1219; x_wconf 77' lang='lat' dir='ltr'><strong>popuo</strong></span> <span class='ocrx_word' id='word_1_104' title='bbox 1034 1143 1100 1199; x_wconf 90' lang='lat' dir='ltr'><strong>Ro-</strong></span> 
     </span>
     <span class='ocr_line' id='line_1_15' title="bbox 221 1218 1101 1297; baseline -0.003 -19"><span class='ocrx_word' id='word_1_105' title='bbox 221 1222 326 1289; x_wconf 80' lang='lat' dir='ltr'><strong>ma&#39;no,</strong></span> <span class='ocrx_word' id='word_1_106' title='bbox 346 1221 394 1297; x_wconf 90' lang='lat' dir='ltr'><strong>qui</strong></span> <span class='ocrx_word' id='word_1_107' title='bbox 408 1220 492 1278; x_wconf 87' lang='lat' dir='ltr'><strong>etiam</strong></span> <span class='ocrx_word' id='word_1_108' title='bbox 506 1219 579 1277; x_wconf 90' lang='lat' dir='ltr'><strong>bello</strong></span> <span class='ocrx_word' id='word_1_109' title='bbox 593 1218 673 1277; x_wconf 74' lang='lat' dir='ltr'><strong>vittis</strong></span> <span class='ocrx_word' id='word_1_110' title='bbox 683 1221 791 1295; x_wconf 88' lang='lat' dir='ltr'><strong>regibus</strong></span> <span class='ocrx_word' id='word_1_111' title='bbox 802 1238 887 1296; x_wconf 87' lang='lat' dir='ltr'><strong>regna</strong></span> <span class='ocrx_word' id='word_1_112' title='bbox 899 1220 1014 1279; x_wconf 88' lang='lat' dir='ltr'><strong>reddere</strong></span> <span class='ocrx_word' id='word_1_113' title='bbox 1027 1235 1101 1275; x_wconf 89' lang='lat' dir='ltr'><strong>con-</strong></span> 
     </span>
     <span class='ocr_line' id='line_1_16' title="bbox 220 1293 1118 1371; baseline 0.002 -16"><span class='ocrx_word' id='word_1_114' title='bbox 220 1295 324 1365; x_wconf 89' lang='lat' dir='ltr'><strong>suevit,</strong></span> <span class='ocrx_word' id='word_1_115' title='bbox 344 1314 392 1355; x_wconf 87' lang='lat' dir='ltr'><strong>rex</strong></span> <span class='ocrx_word' id='word_1_116' title='bbox 412 1298 533 1365; x_wconf 86' lang='lat' dir='ltr'><strong>amicus,</strong></span> <span class='ocrx_word' id='word_1_117' title='bbox 552 1294 626 1355; x_wconf 78' lang='lat' dir='ltr'><strong>nulli</strong></span> <span class='ocrx_word' id='word_1_118' title='bbox 639 1295 743 1371; x_wconf 79' lang='lat' dir='ltr'><strong>injurii·</strong></span> <span class='ocrx_word' id='word_1_119' title='bbox 757 1295 999 1365; x_wconf 81' lang='lat' dir='ltr'><strong>commemorati,</strong></span> <span class='ocrx_word' id='word_1_120' title='bbox 1018 1293 1118 1357; x_wconf 74' lang='lat' dir='ltr'><strong>nulia</strong></span> 
     </span>
    </p>

    <p class='ocr_par' dir='ltr' id='par_1_12' title="bbox 170 1372 1121 1677">
     <span class='ocr_line' id='line_1_17' title="bbox 222 1372 1121 1449; baseline 0 -17"><span class='ocrx_word' id='word_1_121' title='bbox 222 1374 446 1448; x_wconf 82' lang='lat' dir='ltr'><strong>repetitisrebus,</strong></span> <span class='ocrx_word' id='word_1_122' title='bbox 466 1391 530 1431; x_wconf 91' lang='lat' dir='ltr'><strong>cum</strong></span> <span class='ocrx_word' id='word_1_123' title='bbox 538 1372 951 1449; x_wconf 79' lang='lat' dir='ltr'><strong>bonisomnibuspublicaretur.</strong></span> <span class='ocrx_word' id='word_1_124' title='bbox 1117 1434 1121 1445; x_wconf 70' lang='grc'><em>,</em></span> 
     </span>
     <span class='ocr_line' id='line_1_18' title="bbox 170 1446 1102 1529; baseline -0.003 -19"><span class='ocrx_word' id='word_1_125' title='bbox 170 1450 211 1529; x_wconf 78' lang='lat'><strong>&#39;58</strong></span> <span class='ocrx_word' id='word_1_126' title='bbox 261 1449 380 1509; x_wconf 84' lang='lat' dir='ltr'><strong>XXVII.</strong></span> <span class='ocrx_word' id='word_1_127' title='bbox 398 1448 670 1516; x_wconf 82' lang='lat' dir='ltr'><strong>Mutuaacerba,</strong></span> <span class='ocrx_word' id='word_1_128' title='bbox 693 1449 890 1526; x_wconf 85' lang='lat' dir='ltr'><strong>multaturpia,</strong></span> <span class='ocrx_word' id='word_1_129' title='bbox 911 1446 1102 1511; x_wconf 65' lang='lat' dir='ltr'><strong>multaturbu«</strong></span> 
     </span>
     <span class='ocr_line' id='line_1_19' title="bbox 221 1522 1103 1603; baseline -0.005 -18"><span class='ocrx_word' id='word_1_130' title='bbox 221 1525 297 1586; x_wconf 86' lang='lat' dir='ltr'><strong>lenta</strong></span> <span class='ocrx_word' id='word_1_131' title='bbox 303 1525 398 1584; x_wconf 86' lang='lat' dir='ltr'><strong>habuit</strong></span> <span class='ocrx_word' id='word_1_132' title='bbox 410 1525 454 1584; x_wconf 91' lang='lat' dir='ltr'><strong>ille</strong></span> <span class='ocrx_word' id='word_1_133' title='bbox 463 1543 564 1584; x_wconf 86' lang='lat' dir='ltr'><strong>armus:</strong></span> <span class='ocrx_word' id='word_1_134' title='bbox 583 1531 679 1583; x_wconf 88' lang='lat' dir='ltr'><strong>tamen</strong></span> <span class='ocrx_word' id='word_1_135' title='bbox 694 1525 731 1581; x_wconf 90' lang='lat' dir='ltr'><strong>illi</strong></span> <span class='ocrx_word' id='word_1_136' title='bbox 744 1525 853 1595; x_wconf 88' lang='lat' dir='ltr'><strong>sceleri,</strong></span> <span class='ocrx_word' id='word_1_137' title='bbox 871 1525 950 1603; x_wconf 88' lang='lat' dir='ltr'><strong>quod</strong></span> <span class='ocrx_word' id='word_1_138' title='bbox 962 1527 992 1583; x_wconf 91' lang='lat' dir='ltr'><strong>in</strong></span> <span class='ocrx_word' id='word_1_139' title='bbox 1008 1541 1056 1582; x_wconf 91' lang='lat' dir='ltr'><strong>me</strong></span> <span class='ocrx_word' id='word_1_140' title='bbox 1068 1522 1103 1581; x_wconf 90' lang='lat' dir='ltr'><strong>il·</strong></span> 
     </span>
     <span class='ocr_line' id='line_1_20' title="bbox 220 1600 1102 1677; baseline -0.003 -16"><span class='ocrx_word' id='word_1_141' title='bbox 220 1602 314 1661; x_wconf 91' lang='lat' dir='ltr'><strong>lorum</strong></span> <span class='ocrx_word' id='word_1_142' title='bbox 323 1603 479 1661; x_wconf 78' lang='lat' dir='ltr'><strong>immanitas</strong></span> <span class='ocrx_word' id='word_1_143' title='bbox 494 1601 595 1670; x_wconf 87' lang='lat' dir='ltr'><strong>edidit,</strong></span> <span class='ocrx_word' id='word_1_144' title='bbox 615 1600 689 1659; x_wconf 88' lang='lat' dir='ltr'><strong>haud</strong></span> <span class='ocrx_word' id='word_1_145' title='bbox 702 1601 776 1670; x_wconf 91' lang='lat' dir='ltr'><strong>scio,</strong></span> <span class='ocrx_word' id='word_1_146' title='bbox 796 1620 831 1661; x_wconf 87' lang='lat' dir='ltr'><strong>an</strong></span> <span class='ocrx_word' id='word_1_147' title='bbox 845 1600 919 1661; x_wconf 73' lang='lat' dir='ltr'><strong>redd</strong></span> <span class='ocrx_word' id='word_1_148' title='bbox 932 1603 989 1660; x_wconf 92' lang='lat' dir='ltr'><strong>hoc</strong></span> <span class='ocrx_word' id='word_1_149' title='bbox 1003 1600 1102 1677; x_wconf 82' lang='lat' dir='ltr'><strong>proxi·</strong></span> 
     </span>
    </p>

    <p class='ocr_par' dir='ltr' id='par_1_13' title="bbox 221 1675 1121 1833">
     <span class='ocr_line' id='line_1_21' title="bbox 222 1675 1121 1754; baseline 0.003 -16"><span class='ocrx_word' id='word_1_150' title='bbox 222 1696 304 1738; x_wconf 90' lang='lat' dir='ltr'><strong>mum</strong></span> <span class='ocrx_word' id='word_1_151' title='bbox 320 1675 374 1738; x_wconf 85' lang='lat' dir='ltr'><strong>etse</strong></span> <span class='ocrx_word' id='word_1_152' title='bbox 395 1679 496 1738; x_wconf 89' lang='lat' dir='ltr'><strong>dicam.</strong></span> <span class='ocrx_word' id='word_1_153' title='bbox 529 1678 704 1736; x_wconf 86' lang='lat' dir='ltr'><strong>Antiochum</strong></span> <span class='ocrx_word' id='word_1_154' title='bbox 724 1676 802 1737; x_wconf 89' lang='lat' dir='ltr'><strong>illum</strong></span> <span class='ocrx_word' id='word_1_155' title='bbox 821 1679 958 1754; x_wconf 79' lang='lat' dir='ltr'><strong>Magnum</strong></span> <span class='ocrx_word' id='word_1_156' title='bbox 979 1678 1121 1754; x_wconf 76' lang='lat' dir='ltr'><strong>majorer.</strong></span> 
     </span>
     <span class='ocr_line' id='line_1_22' title="bbox 221 1753 1100 1833; baseline -0.005 -18"><span class='ocrx_word' id='word_1_157' title='bbox 221 1754 433 1832; x_wconf 87' lang='lat' dir='ltr'><strong>nostri,magna</strong></span> <span class='ocrx_word' id='word_1_158' title='bbox 442 1755 506 1813; x_wconf 91' lang='lat' dir='ltr'><strong>belli</strong></span> <span class='ocrx_word' id='word_1_159' title='bbox 521 1756 703 1814; x_wconf 88' lang='lat' dir='ltr'><strong>contentione</strong></span> <span class='ocrx_word' id='word_1_160' title='bbox 715 1753 917 1833; x_wconf 77' lang='lat' dir='ltr'><strong>terrim&#39;arique</strong></span> <span class='ocrx_word' id='word_1_161' title='bbox 931 1754 1100 1829; x_wconf 78' lang='lat' dir='ltr'><strong>superatum,</strong></span> 
     </span>
    </p>

    <p class='ocr_par' dir='ltr' id='par_1_14' title="bbox 163 1827 1121 1966">
     <span class='ocr_line' id='line_1_23' title="bbox 163 1827 1121 1966; baseline 0.001 -77"><span class='ocrx_word' id='word_1_162' title='bbox 163 1883 168 1897; x_wconf 75' lang='grc'><strong>,</strong></span> <span class='ocrx_word' id='word_1_163' title='bbox 223 1833 330 1892; x_wconf 62' lang='lat' dir='ltr'><strong>⁸‘intra</strong></span> <span class='ocrx_word' id='word_1_164' title='bbox 338 1845 466 1891; x_wconf 91' lang='lat' dir='ltr'><strong>montem</strong></span> <span class='ocrx_word' id='word_1_165' title='bbox 481 1831 610 1891; x_wconf 86' lang='lat' dir='ltr'><strong>Taurum</strong></span> <span class='ocrx_word' id='word_1_166' title='bbox 624 1848 736 1916; x_wconf 81' lang='lat' dir='ltr'><strong>regnare</strong></span> <span class='ocrx_word' id='word_1_167' title='bbox 746 1830 895 1907; x_wconf 85' lang='lat' dir='ltr'><strong>jufferum:</strong></span> <span class='ocrx_word' id='word_1_168' title='bbox 912 1827 1030 1899; x_wconf 71' lang='lat' dir='ltr'><strong>Aliam,</strong></span> <span class='ocrx_word' id='word_1_169' title='bbox 1044 1828 1121 1966; x_wconf 43' lang='lat' dir='ltr'><strong>gua·</strong></span> 
     </span>
    </p>

    <p class='ocr_par' dir='ltr' id='par_1_15' title="bbox 220 1907 1102 1993">
     <span class='ocr_line' id='line_1_24' title="bbox 220 1907 1102 1993; baseline -0.005 -24"><span class='ocrx_word' id='word_1_170' title='bbox 220 1907 300 1969; x_wconf 90' lang='lat' dir='ltr'><strong>illum</strong></span> <span class='ocrx_word' id='word_1_171' title='bbox 315 1909 482 1979; x_wconf 80' lang='lat' dir='ltr'><strong>multarunt,</strong></span> <span class='ocrx_word' id='word_1_172' title='bbox 504 1908 655 1978; x_wconf 74' lang='lat' dir='ltr'><strong>²⁹Atte10,</strong></span> <span class='ocrx_word' id='word_1_173' title='bbox 673 1920 705 1967; x_wconf 90' lang='lat' dir='ltr'><strong>ur</strong></span> <span class='ocrx_word' id='word_1_174' title='bbox 715 1923 739 1967; x_wconf 87' lang='lat' dir='ltr'><strong>rs</strong></span> <span class='ocrx_word' id='word_1_175' title='bbox 748 1910 971 1993; x_wconf 69' lang='lat' dir='ltr'><strong>regnaretinea,</strong></span> <span class='ocrx_word' id='word_1_176' title='bbox 989 1924 1046 1967; x_wconf 93' lang='lat' dir='ltr'><strong>con</strong></span> <span class='ocrx_word' id='word_1_177' title='bbox 1067 1924 1102 1965; x_wconf 88' lang='lat' dir='ltr'><strong>o-</strong></span> 
     </span>
    </p>

    <p class='ocr_par' dir='ltr' id='par_1_16' title="bbox 236 1999 1103 2043">
     <span class='ocr_line' id='line_1_25' title="bbox 236 1999 1103 2043; baseline -0.002 1"><span class='ocrx_word' id='word_1_178' title='bbox 236 2006 246 2031; x_wconf 59' lang='lat' dir='ltr'>x</span> <span class='ocrx_word' id='word_1_179' title='bbox 1015 1999 1103 2043; x_wconf 86' lang='lat' dir='ltr'><strong>nave·</strong></span> 
     </span>
    </p>
   </div>
   <div class='ocr_carea' id='block_1_3' title="bbox 121 2102 1118 3561">
    <p class='ocr_par' dir='ltr' id='par_1_17' title="bbox 221 2102 1102 2303">
     <span class='ocr_line' id='line_1_26' title="bbox 252 2102 1099 2176; baseline -0.008 -13"><span class='ocrx_word' id='word_1_180' title='bbox 252 2120 292 2163; x_wconf 83' lang='lat'><strong>26.</strong></span> <span class='ocrx_word' id='word_1_181' title='bbox 311 2102 453 2172; x_wconf 69' lang='lat' dir='ltr'><strong>Ptolemaiou]</strong></span> <span class='ocrx_word' id='word_1_182' title='bbox 469 2111 545 2176; x_wconf 83' lang='lat' dir='ltr'><strong>Cypri</strong></span> <span class='ocrx_word' id='word_1_183' title='bbox 556 2124 610 2159; x_wconf 83' lang='lat' dir='ltr'><strong>rex:</strong></span> <span class='ocrx_word' id='word_1_184' title='bbox 628 2110 684 2176; x_wconf 92' lang='lat' dir='ltr'><strong>qui,</strong></span> <span class='ocrx_word' id='word_1_185' title='bbox 701 2121 802 2176; x_wconf 81' lang='lat' dir='ltr'><strong>accepto</strong></span> <span class='ocrx_word' id='word_1_186' title='bbox 812 2109 843 2160; x_wconf 91' lang='lat' dir='ltr'><strong>de</strong></span> <span class='ocrx_word' id='word_1_187' title='bbox 859 2113 914 2176; x_wconf 80' lang='lat' dir='ltr'><strong>lege</strong></span> <span class='ocrx_word' id='word_1_188' title='bbox 930 2108 1023 2160; x_wconf 86' lang='lat' dir='ltr'><strong>clodia</strong></span> <span class='ocrx_word' id='word_1_189' title='bbox 1034 2123 1099 2156; x_wconf 89' lang='lat' dir='ltr'><strong>nun·</strong></span> 
     </span>
     <span class='ocr_line' id='line_1_27' title="bbox 221 2171 1098 2240; baseline -0.005 -16"><span class='ocrx_word' id='word_1_190' title='bbox 221 2176 277 2232; x_wconf 83' lang='lat' dir='ltr'><strong>cio,</strong></span> <span class='ocrx_word' id='word_1_191' title='bbox 294 2191 346 2240; x_wconf 77' lang='lat' dir='ltr'><strong>que</strong></span> <span class='ocrx_word' id='word_1_192' title='bbox 357 2190 458 2240; x_wconf 78' lang='lat' dir='ltr'><strong>regnum</strong></span> <span class='ocrx_word' id='word_1_193' title='bbox 468 2173 652 2238; x_wconf 80' lang='lat' dir='ltr'><strong>universamque</strong></span> <span class='ocrx_word' id='word_1_194' title='bbox 662 2175 755 2238; x_wconf 84' lang='lat' dir='ltr'><strong>regiam</strong></span> <span class='ocrx_word' id='word_1_195' title='bbox 772 2189 860 2240; x_wconf 82' lang='lat' dir='ltr'><strong>gazam</strong></span> <span class='ocrx_word' id='word_1_196' title='bbox 868 2174 1029 2240; x_wconf 86' lang='lat' dir='ltr'><strong>·publicabar,</strong></span> <span class='ocrx_word' id='word_1_197' title='bbox 1046 2171 1098 2236; x_wconf 77' lang='lat' dir='ltr'><strong>ipse</strong></span> 
     </span>
     <span class='ocr_line' id='line_1_28' title="bbox 222 2233 1102 2303; baseline -0.003 -17"><span class='ocrx_word' id='word_1_198' title='bbox 222 2237 285 2297; x_wconf 80' lang='lat' dir='ltr'><strong>fibi,</strong></span> <span class='ocrx_word' id='word_1_199' title='bbox 301 2254 397 2287; x_wconf 89' lang='lat' dir='ltr'><strong>veneno</strong></span> <span class='ocrx_word' id='word_1_200' title='bbox 407 2239 517 2302; x_wconf 84' lang='lat' dir='ltr'><strong>sumpto,</strong></span> <span class='ocrx_word' id='word_1_201' title='bbox 533 2249 640 2286; x_wconf 90' lang='lat' dir='ltr'><strong>mortem</strong></span> <span class='ocrx_word' id='word_1_202' title='bbox 651 2236 742 2288; x_wconf 89' lang='lat' dir='ltr'><strong>intulit.</strong></span> <span class='ocrx_word' id='word_1_203' title='bbox 776 2233 881 2301; x_wconf 72' lang='lat' dir='ltr'><strong>caussam</strong></span> <span class='ocrx_word' id='word_1_204' title='bbox 897 2238 966 2303; x_wconf 84' lang='lat' dir='ltr'><strong>regni</strong></span> <span class='ocrx_word' id='word_1_205' title='bbox 981 2235 1102 2301; x_wconf 79' lang='lat' dir='ltr'><strong>publicari</strong></span> 
     </span>
    </p>

    <p class='ocr_par' dir='ltr' id='par_1_18' title="bbox 121 2299 1102 2669">
     <span class='ocr_line' id='line_1_29' title="bbox 121 2299 1102 2366; baseline -0.001 -16"><span class='ocrx_word' id='word_1_206' title='bbox 121 2322 123 2327; x_wconf 95' lang='lat'>·</span> <span class='ocrx_word' id='word_1_207' title='bbox 222 2301 314 2366; x_wconf 76' lang='lat' dir='ltr'><strong>scripfit</strong></span> <span class='ocrx_word' id='word_1_208' title='bbox 325 2304 376 2354; x_wconf 90' lang='lat' dir='ltr'><strong>Dio</strong></span> <span class='ocrx_word' id='word_1_209' title='bbox 385 2301 430 2353; x_wconf 87' lang='lat' dir='ltr'><strong>lib.</strong></span> <span class='ocrx_word' id='word_1_210' title='bbox 441 2304 560 2350; x_wconf 73' lang='lat' dir='ltr'><strong>xxxiiii.</strong></span> <span class='ocrx_word' id='word_1_211' title='bbox 573 2299 642 2364; x_wconf 91' lang='lat' dir='ltr'><strong>quod</strong></span> <span class='ocrx_word' id='word_1_212' title='bbox 653 2302 716 2349; x_wconf 90' lang='lat' dir='ltr'><strong>olim</strong></span> <span class='ocrx_word' id='word_1_213' title='bbox 732 2300 852 2351; x_wconf 86' lang='lat' dir='ltr'><strong>Clodium</strong></span> <span class='ocrx_word' id='word_1_214' title='bbox 867 2303 884 2351; x_wconf 75' lang='grc' dir='ltr'>ὶ</span> <span class='ocrx_word' id='word_1_215' title='bbox 899 2302 982 2366; x_wconf 77' lang='lat' dir='ltr'><strong>piratis</strong></span> <span class='ocrx_word' id='word_1_216' title='bbox 998 2312 1102 2366; x_wconf 83' lang='lat' dir='ltr'><strong>captum</strong></span> 
     </span>
     <span class='ocr_line' id='line_1_30' title="bbox 223 2362 1102 2429; baseline -0.002 -16"><span class='ocrx_word' id='word_1_217' title='bbox 223 2367 301 2429; x_wconf 81' lang='lat' dir='ltr'><strong>cypri</strong></span> <span class='ocrx_word' id='word_1_218' title='bbox 313 2381 354 2413; x_wconf 85' lang='lat' dir='ltr'><strong>rex</strong></span> <span class='ocrx_word' id='word_1_219' title='bbox 366 2367 470 2416; x_wconf 75' lang='lat' dir='ltr'><strong>Prolem.</strong></span> <span class='ocrx_word' id='word_1_220' title='bbox 483 2364 600 2414; x_wconf 88' lang='lat' dir='ltr'><strong>redimere</strong></span> <span class='ocrx_word' id='word_1_221' title='bbox 611 2362 733 2413; x_wconf 84' lang='lat' dir='ltr'><strong>noluisset.</strong></span> <span class='ocrx_word' id='word_1_222' title='bbox 750 2364 796 2414; x_wconf 85' lang='lat' dir='ltr'><strong>hac</strong></span> <span class='ocrx_word' id='word_1_223' title='bbox 807 2365 838 2415; x_wconf 93' lang='lat' dir='ltr'><strong>de</strong></span> <span class='ocrx_word' id='word_1_224' title='bbox 848 2379 874 2414; x_wconf 86' lang='lat' dir='ltr'><strong>re</strong></span> <span class='ocrx_word' id='word_1_225' title='bbox 885 2367 911 2415; x_wconf 81' lang='lat' dir='ltr'><strong>dr</strong></span> <span class='ocrx_word' id='word_1_226' title='bbox 921 2365 947 2412; x_wconf 91' lang='lat' dir='ltr'><strong>in</strong></span> <span class='ocrx_word' id='word_1_227' title='bbox 958 2377 987 2412; x_wconf 88' lang='lat' dir='ltr'><strong>ea</strong></span> <span class='ocrx_word' id='word_1_228' title='bbox 992 2378 1038 2428; x_wconf 85' lang='lat' dir='ltr'><strong>pro</strong></span> <span class='ocrx_word' id='word_1_229' title='bbox 1046 2368 1102 2412; x_wconf 83' lang='lat' dir='ltr'><strong>Do·</strong></span> 
     </span>
     <span class='ocr_line' id='line_1_31' title="bbox 222 2425 1101 2479; baseline -0.003 -1"><span class='ocrx_word' id='word_1_230' title='bbox 222 2443 268 2478; x_wconf 88' lang='lat' dir='ltr'><strong>mo</strong></span> <span class='ocrx_word' id='word_1_231' title='bbox 279 2428 374 2478; x_wconf 83' lang='lat' dir='ltr'><strong>suabis.</strong></span> <span class='ocrx_word' id='word_1_232' title='bbox 406 2434 437 2479; x_wconf 83' lang='lat' dir='ltr'><strong>Et</strong></span> <span class='ocrx_word' id='word_1_233' title='bbox 450 2428 483 2477; x_wconf 89' lang='lat' dir='ltr'><strong>est</strong></span> <span class='ocrx_word' id='word_1_234' title='bbox 494 2425 631 2477; x_wconf 85' lang='lat' dir='ltr'><strong>notandum</strong></span> <span class='ocrx_word' id='word_1_235' title='bbox 642 2426 793 2479; x_wconf 60' lang='lat' dir='ltr'><strong>denudatio.</strong></span> <span class='ocrx_word' id='word_1_236' title='bbox 825 2443 884 2477; x_wconf 91' lang='lat' dir='ltr'><strong>narn</strong></span> <span class='ocrx_word' id='word_1_237' title='bbox 901 2442 942 2477; x_wconf 87' lang='lat' dir='ltr'><strong>rex</strong></span> <span class='ocrx_word' id='word_1_238' title='bbox 953 2429 1101 2476; x_wconf 77' lang='lat' dir='ltr'><strong>Prolemaeue</strong></span> 
     </span>
     <span class='ocr_line' id='line_1_32' title="bbox 224 2484 1102 2557; baseline -0.002 -17"><span class='ocrx_word' id='word_1_239' title='bbox 224 2507 277 2540; x_wconf 86' lang='lat' dir='ltr'><strong>non</strong></span> <span class='ocrx_word' id='word_1_240' title='bbox 288 2493 335 2550; x_wconf 88' lang='lat' dir='ltr'><strong>est,</strong></span> <span class='ocrx_word' id='word_1_241' title='bbox 352 2493 402 2557; x_wconf 80' lang='lat' dir='ltr'><strong>quo</strong></span> <span class='ocrx_word' id='word_1_242' title='bbox 413 2492 535 2542; x_wconf 86' lang='lat' dir='ltr'><strong>referatur.</strong></span> <span class='ocrx_word' id='word_1_243' title='bbox 570 2484 642 2556; x_wconf 83' lang='lat' dir='ltr'><strong>quale</strong></span> <span class='ocrx_word' id='word_1_244' title='bbox 654 2490 753 2540; x_wconf 85' lang='lat' dir='ltr'><strong>illudio</strong></span> <span class='ocrx_word' id='word_1_245' title='bbox 764 2490 902 2541; x_wconf 84' lang='lat' dir='ltr'><strong>Tusculana</strong></span> <span class='ocrx_word' id='word_1_246' title='bbox 913 2506 964 2540; x_wconf 84' lang='lat'>111.</span> <span class='ocrx_word' id='word_1_247' title='bbox 981 2491 1008 2538; x_wconf 89' lang='lat' dir='ltr'><strong>in</strong></span> <span class='ocrx_word' id='word_1_248' title='bbox 1019 2504 1102 2539; x_wconf 83' lang='lat' dir='ltr'><strong>extre·</strong></span> 
     </span>
     <span class='ocr_line' id='line_1_33' title="bbox 224 2556 1102 2620; baseline 0 -15"><span class='ocrx_word' id='word_1_249' title='bbox 224 2556 282 2605; x_wconf 76' lang='lat' dir='ltr'><strong>moi</strong></span> <span class='ocrx_word' id='word_1_250' title='bbox 300 2559 434 2620; x_wconf 79' lang='lat' dir='ltr'><strong>Philosophia</strong></span> <span class='ocrx_word' id='word_1_251' title='bbox 447 2575 496 2605; x_wconf 78' lang='lat' dir='ltr'><strong>eum</strong></span> <span class='ocrx_word' id='word_1_252' title='bbox 510 2558 635 2617; x_wconf 55' lang='lat' dir='ltr'><strong>universam</strong></span> <span class='ocrx_word' id='word_1_253' title='bbox 650 2557 796 2620; x_wconf 74' lang='lat' dir='ltr'><strong>agritudr&#39;nem</strong></span> <span class='ocrx_word' id='word_1_254' title='bbox 807 2557 899 2617; x_wconf 68' lang='lat' dir='ltr'><strong>sussuhb</strong></span> <span class='ocrx_word' id='word_1_255' title='bbox 908 2588 917 2611; x_wconf 90' lang='lat'><strong>,</strong></span> <span class='ocrx_word' id='word_1_256' title='bbox 937 2565 1028 2612; x_wconf 73' lang='lat' dir='ltr'><strong>tamen,</strong></span> <span class='ocrx_word' id='word_1_257' title='bbox 1050 2557 1102 2605; x_wconf 71' lang='lat' dir='ltr'><strong>&amp;c-</strong></span> 
     </span>
     <span class='ocr_line' id='line_1_34' title="bbox 223 2623 391 2669; baseline -0.012 -1"><span class='ocrx_word' id='word_1_258' title='bbox 223 2623 251 2669; x_wconf 84' lang='lat' dir='ltr'><strong>P.</strong></span> <span class='ocrx_word' id='word_1_259' title='bbox 260 2625 350 2669; x_wconf 77' lang='lat' dir='ltr'><strong>Manat.</strong></span> <span class='ocrx_word' id='word_1_260' title='bbox 389 2635 391 2639; x_wconf 86' lang='lat'>·</span> 
     </span>
    </p>

    <p class='ocr_par' dir='ltr' id='par_1_19' title="bbox 222 2681 1118 3194">
     <span class='ocr_line' id='line_1_35' title="bbox 255 2681 1103 2748; baseline -0.001 -16"><span class='ocrx_word' id='word_1_261' title='bbox 255 2699 294 2737; x_wconf 87' lang='lat'><strong>27.</strong></span> <span class='ocrx_word' id='word_1_262' title='bbox 314 2683 641 2748; x_wconf 76' lang='lat' dir='ltr'><strong>Verussaresocieraris.]Q1hm</strong></span> <span class='ocrx_word' id='word_1_263' title='bbox 651 2694 720 2733; x_wconf 81' lang='lat' dir='ltr'><strong>verne</strong></span> <span class='ocrx_word' id='word_1_264' title='bbox 731 2681 805 2732; x_wconf 86' lang='lat' dir='ltr'><strong>fuerit</strong></span> <span class='ocrx_word' id='word_1_265' title='bbox 815 2682 910 2747; x_wconf 81' lang='lat' dir='ltr'><strong>poprdo</strong></span> <span class='ocrx_word' id='word_1_266' title='bbox 915 2686 1033 2736; x_wconf 73' lang='lat' dir='ltr'><strong>Romano</strong></span> <span class='ocrx_word' id='word_1_267' title='bbox 1044 2695 1103 2731; x_wconf 89' lang='lat' dir='ltr'><strong>cum</strong></span> 
     </span>
     <span class='ocr_line' id='line_1_36' title="bbox 222 2745 1097 2810; baseline -0.003 -13"><span class='ocrx_word' id='word_1_268' title='bbox 222 2748 351 2797; x_wconf 74' lang='lat' dir='ltr'><strong>rrolemaei</strong></span> <span class='ocrx_word' id='word_1_269' title='bbox 362 2747 494 2809; x_wconf 80' lang='lat' dir='ltr'><strong>majoribus</strong></span> <span class='ocrx_word' id='word_1_270' title='bbox 505 2745 700 2810; x_wconf 84' lang='lat' dir='ltr'><strong>societas,liquet</strong></span> <span class='ocrx_word' id='word_1_271' title='bbox 711 2762 742 2797; x_wconf 83' lang='lat' dir='ltr'><strong>ex</strong></span> <span class='ocrx_word' id='word_1_272' title='bbox 752 2747 861 2810; x_wconf 87' lang='lat' dir='ltr'><strong>epitome</strong></span> <span class='ocrx_word' id='word_1_273' title='bbox 866 2746 970 2797; x_wconf 87' lang='lat' dir='ltr'><strong>Liviana</strong></span> <span class='ocrx_word' id='word_1_274' title='bbox 981 2745 1097 2794; x_wconf 82' lang='lat' dir='ltr'><strong>lib.X1v.</strong></span> 
     </span>
     <span class='ocr_line' id='line_1_37' title="bbox 223 2809 1101 2876; baseline -0.006 -16"><span class='ocrx_word' id='word_1_275' title='bbox 223 2825 279 2860; x_wconf 81' lang='lat' dir='ltr'><strong>eam</strong></span> <span class='ocrx_word' id='word_1_276' title='bbox 291 2809 320 2859; x_wconf 89' lang='lat' dir='ltr'><strong>ad</strong></span> <span class='ocrx_word' id='word_1_277' title='bbox 333 2811 415 2875; x_wconf 80' lang='lat' dir='ltr'><strong>Pyrrhi</strong></span> <span class='ocrx_word' id='word_1_278' title='bbox 424 2825 537 2876; x_wconf 84' lang='lat' dir='ltr'><strong>tempora</strong></span> <span class='ocrx_word' id='word_1_279' title='bbox 548 2811 674 2860; x_wconf 84' lang='lat' dir='ltr'><strong>referente.</strong></span> <span class='ocrx_word' id='word_1_280' title='bbox 698 2825 747 2876; x_wconf 91' lang='lat' dir='ltr'><strong>qua</strong></span> <span class='ocrx_word' id='word_1_281' title='bbox 756 2809 913 2874; x_wconf 78' lang='lat' dir='ltr'><strong>tempestate,</strong></span> <span class='ocrx_word' id='word_1_282' title='bbox 929 2828 979 2857; x_wconf 75' lang='lat' dir='ltr'><strong>cum</strong></span> <span class='ocrx_word' id='word_1_283' title='bbox 989 2811 1101 2858; x_wconf 73' lang='lat' dir='ltr'><strong>Ptolemae</strong></span> 
     </span>
     <span class='ocr_line' id='line_1_38' title="bbox 224 2872 1103 2941; baseline -0.001 -20"><span class='ocrx_word' id='word_1_284' title='bbox 224 2879 324 2938; x_wconf 68' lang='lat' dir='ltr'><strong>‹AEgypre</strong></span> <span class='ocrx_word' id='word_1_285' title='bbox 334 2877 558 2941; x_wconf 60' lang='lat' dir='ltr'><strong>regejieierasjuniia</strong></span> <span class='ocrx_word' id='word_1_286' title='bbox 570 2875 605 2935; x_wconf 78' lang='lat' dir='ltr'><strong>est.</strong></span> <span class='ocrx_word' id='word_1_287' title='bbox 641 2877 667 2923; x_wconf 77' lang='grc' dir='ltr'><strong>δι</strong></span> <span class='ocrx_word' id='word_1_288' title='bbox 679 2876 808 2940; x_wconf 83' lang='lat' dir='ltr'><strong>aliquanto</strong></span> <span class='ocrx_word' id='word_1_289' title='bbox 820 2872 873 2938; x_wconf 81' lang='lat' dir='ltr'><strong>post</strong></span> <span class='ocrx_word' id='word_1_290' title='bbox 886 2907 894 2930; x_wconf 95' lang='lat'><strong>,</strong></span> <span class='ocrx_word' id='word_1_291' title='bbox 916 2872 1039 2923; x_wconf 78' lang='lat' dir='ltr'><strong>Annibale</strong></span> <span class='ocrx_word' id='word_1_292' title='bbox 1049 2878 1103 2920; x_wconf 87' lang='lat' dir='ltr'><strong>lta-</strong></span> 
     </span>
     <span class='ocr_line' id='line_1_39' title="bbox 222 2935 1100 3002; baseline 0.002 -18"><span class='ocrx_word' id='word_1_293' title='bbox 222 2938 285 2985; x_wconf 83' lang='lat' dir='ltr'><strong>liam</strong></span> <span class='ocrx_word' id='word_1_294' title='bbox 295 2935 417 2986; x_wconf 74' lang='lat' dir='ltr'><strong>vastantet</strong></span> <span class='ocrx_word' id='word_1_295' title='bbox 435 2941 599 2986; x_wconf 67' lang='lat' dir='ltr'><strong>,Alexandriam</strong></span> <span class='ocrx_word' id='word_1_296' title='bbox 610 2939 639 2985; x_wconf 77' lang='lat' dir='ltr'><strong>ad</strong></span> <span class='ocrx_word' id='word_1_297' title='bbox 656 2942 791 2986; x_wconf 80' lang='lat' dir='ltr'><strong>Ptolemaeum</strong></span> <span class='ocrx_word' id='word_1_298' title='bbox 808 2941 981 3002; x_wconf 75' lang='lat' dir='ltr'><strong>cleopatramque</strong></span> <span class='ocrx_word' id='word_1_299' title='bbox 991 2951 1046 2997; x_wconf 82' lang='lat' dir='ltr'><strong>reges</strong></span> <span class='ocrx_word' id='word_1_300' title='bbox 1057 2941 1100 2986; x_wconf 74' lang='lat' dir='ltr'><strong>M.</strong></span> 
     </span>
     <span class='ocr_line' id='line_1_40' title="bbox 224 3002 1118 3065; baseline -0.006 -16"><span class='ocrx_word' id='word_1_301' title='bbox 224 3002 329 3049; x_wconf 61' lang='lat' dir='ltr'><strong>«Acrisius</strong></span> <span class='ocrx_word' id='word_1_302' title='bbox 339 3003 365 3053; x_wconf 74' lang='lat' dir='ltr'><strong>dr</strong></span> <span class='ocrx_word' id='word_1_303' title='bbox 377 3006 412 3051; x_wconf 85' lang='lat' dir='ltr'><strong>M.</strong></span> <span class='ocrx_word' id='word_1_304' title='bbox 420 3005 516 3050; x_wconf 64' lang='lat' dir='ltr'><strong>,Acilius</strong></span> <span class='ocrx_word' id='word_1_305' title='bbox 525 3004 591 3065; x_wconf 78' lang='lat' dir='ltr'><strong>legati</strong></span> <span class='ocrx_word' id='word_1_306' title='bbox 599 3004 628 3049; x_wconf 77' lang='lat' dir='ltr'><strong>ad</strong></span> <span class='ocrx_word' id='word_1_307' title='bbox 637 3004 841 3051; x_wconf 77' lang='lat' dir='ltr'><strong>commemorandam</strong></span> <span class='ocrx_word' id='word_1_308' title='bbox 851 3002 1118 3064; x_wconf 61' lang='lat' dir='ltr'><strong>rmovandamqmmr·,</strong></span> 
     </span>
     <span class='ocr_line' id='line_1_41' title="bbox 222 3064 1105 3130; baseline 0.003 -20"><span class='ocrx_word' id='word_1_309' title='bbox 222 3067 300 3112; x_wconf 77' lang='lat' dir='ltr'><strong>citiam</strong></span> <span class='ocrx_word' id='word_1_310' title='bbox 311 3064 367 3127; x_wconf 78' lang='lat' dir='ltr'><strong>mrffi</strong></span> <span class='ocrx_word' id='word_1_311' title='bbox 375 3068 431 3113; x_wconf 78' lang='lat' dir='ltr'><strong>dona</strong></span> <span class='ocrx_word' id='word_1_312' title='bbox 438 3068 526 3112; x_wconf 81' lang='lat' dir='ltr'><strong>tulere:</strong></span> <span class='ocrx_word' id='word_1_313' title='bbox 548 3069 593 3128; x_wconf 81' lang='lat' dir='ltr'><strong>regi</strong></span> <span class='ocrx_word' id='word_1_314' title='bbox 606 3079 676 3127; x_wconf 83' lang='lat' dir='ltr'><strong>rogam</strong></span> <span class='ocrx_word' id='word_1_315' title='bbox 693 3069 719 3119; x_wconf 67' lang='grc' dir='ltr'><strong>(φ</strong></span> <span class='ocrx_word' id='word_1_316' title='bbox 734 3069 830 3114; x_wconf 78' lang='lat' dir='ltr'><strong>tunicam</strong></span> <span class='ocrx_word' id='word_1_317' title='bbox 842 3079 973 3130; x_wconf 76' lang='lat' dir='ltr'><strong>purpuream</strong></span> <span class='ocrx_word' id='word_1_318' title='bbox 987 3080 1036 3112; x_wconf 83' lang='lat' dir='ltr'><strong>cum</strong></span> <span class='ocrx_word' id='word_1_319' title='bbox 1046 3065 1105 3124; x_wconf 72' lang='lat' dir='ltr'><strong>seila</strong></span> 
     </span>
     <span class='ocr_line' id='line_1_42' title="bbox 222 3129 998 3194; baseline 0.004 -20"><span class='ocrx_word' id='word_1_320' title='bbox 222 3131 327 3176; x_wconf 73' lang='lat' dir='ltr'><strong>eburnea:</strong></span> <span class='ocrx_word' id='word_1_321' title='bbox 344 3132 419 3192; x_wconf 75' lang='lat' dir='ltr'><strong>regine</strong></span> <span class='ocrx_word' id='word_1_322' title='bbox 425 3132 510 3192; x_wconf 74' lang='lat' dir='ltr'><strong>pallam</strong></span> <span class='ocrx_word' id='word_1_323' title='bbox 517 3131 600 3191; x_wconf 72' lang='lat' dir='ltr'><strong>pisiam</strong></span> <span class='ocrx_word' id='word_1_324' title='bbox 609 3147 658 3176; x_wconf 84' lang='lat' dir='ltr'><strong>cum</strong></span> <span class='ocrx_word' id='word_1_325' title='bbox 668 3132 760 3176; x_wconf 73' lang='lat' dir='ltr'><strong>amicula</strong></span> <span class='ocrx_word' id='word_1_326' title='bbox 768 3144 811 3194; x_wconf 79' lang='lat' dir='ltr'><strong>pur</strong></span> <span class='ocrx_word' id='word_1_327' title='bbox 823 3148 881 3179; x_wconf 77' lang='lat' dir='ltr'><strong>uren.</strong></span> <span class='ocrx_word' id='word_1_328' title='bbox 898 3129 998 3179; x_wconf 73' lang='lat' dir='ltr'><strong>Abram.</strong></span> 
     </span>
    </p>

    <p class='ocr_par' dir='ltr' id='par_1_20' title="bbox 220 3143 1104 3321">
     <span class='ocr_line' id='line_1_43' title="bbox 256 3143 1104 3259; baseline 0.001 -20"><span class='ocrx_word' id='word_1_329' title='bbox 256 3201 294 3240; x_wconf 77' lang='lat'><strong>28.</strong></span> <span class='ocrx_word' id='word_1_330' title='bbox 311 3199 373 3239; x_wconf 75' lang='lat' dir='ltr'><strong>Intra</strong></span> <span class='ocrx_word' id='word_1_331' title='bbox 383 3208 475 3240; x_wconf 78' lang='lat' dir='ltr'><strong>montem</strong></span> <span class='ocrx_word' id='word_1_332' title='bbox 485 3196 604 3250; x_wconf 75' lang='lat' dir='ltr'><strong>Taurum]</strong></span> <span class='ocrx_word' id='word_1_333' title='bbox 635 3191 697 3243; x_wconf 86' lang='lat' dir='ltr'><strong>Vide</strong></span> <span class='ocrx_word' id='word_1_334' title='bbox 706 3192 737 3240; x_wconf 90' lang='lat' dir='ltr'><strong>de</strong></span> <span class='ocrx_word' id='word_1_335' title='bbox 748 3191 796 3241; x_wconf 89' lang='lat' dir='ltr'><strong>hoc</strong></span> <span class='ocrx_word' id='word_1_336' title='bbox 805 3143 926 3259; x_wconf 71' lang='lat' dir='ltr'><strong>ioquendi</strong></span> <span class='ocrx_word' id='word_1_337' title='bbox 937 3205 1027 3258; x_wconf 85' lang='lat' dir='ltr'><strong>genere</strong></span> <span class='ocrx_word' id='word_1_338' title='bbox 1040 3192 1104 3240; x_wconf 82' lang='lat' dir='ltr'><strong>Gel-</strong></span> 
     </span>
     <span class='ocr_line' id='line_1_44' title="bbox 220 3248 770 3321; baseline 0.007 -20"><span class='ocrx_word' id='word_1_339' title='bbox 220 3248 284 3302; x_wconf 86' lang='lat' dir='ltr'><strong>lium</strong></span> <span class='ocrx_word' id='word_1_340' title='bbox 294 3255 336 3304; x_wconf 90' lang='lat' dir='ltr'><strong>lib.</strong></span> <span class='ocrx_word' id='word_1_341' title='bbox 345 3261 398 3305; x_wconf 79' lang='lat' dir='ltr'><strong>xil.</strong></span> <span class='ocrx_word' id='word_1_342' title='bbox 411 3255 486 3305; x_wconf 75' lang='lat' dir='ltr'><strong>nort.</strong></span> <span class='ocrx_word' id='word_1_343' title='bbox 500 3255 575 3305; x_wconf 82' lang='lat' dir='ltr'><strong>Artic.</strong></span> <span class='ocrx_word' id='word_1_344' title='bbox 588 3270 639 3321; x_wconf 85' lang='lat' dir='ltr'><strong>cap.</strong></span> <span class='ocrx_word' id='word_1_345' title='bbox 649 3272 685 3311; x_wconf 84' lang='lat'><strong>¹3·</strong></span> <span class='ocrx_word' id='word_1_346' title='bbox 703 3259 770 3305; x_wconf 81' lang='lat' dir='ltr'><strong>Idem.</strong></span> 
     </span>
    </p>

    <p class='ocr_par' dir='ltr' id='par_1_21' title="bbox 215 3318 1104 3520">
     <span class='ocr_line' id='line_1_45' title="bbox 253 3318 1101 3385; baseline 0.002 -19"><span class='ocrx_word' id='word_1_347' title='bbox 253 3333 291 3369; x_wconf 80' lang='lat'><strong>29·</strong></span> <span class='ocrx_word' id='word_1_348' title='bbox 309 3323 414 3378; x_wconf 55' lang='lat' dir='ltr'><strong>vittate]</strong></span> <span class='ocrx_word' id='word_1_349' title='bbox 445 3320 624 3385; x_wconf 81' lang='lat' dir='ltr'><strong>Pergamiregi.</strong></span> <span class='ocrx_word' id='word_1_350' title='bbox 648 3320 691 3384; x_wconf 90' lang='lat' dir='ltr'><strong>qui</strong></span> <span class='ocrx_word' id='word_1_351' title='bbox 701 3322 810 3369; x_wconf 80' lang='lat' dir='ltr'><strong>moriens</strong></span> <span class='ocrx_word' id='word_1_352' title='bbox 820 3319 940 3385; x_wconf 86' lang='lat' dir='ltr'><strong>populum</strong></span> <span class='ocrx_word' id='word_1_353' title='bbox 950 3324 1025 3368; x_wconf 86' lang='lat' dir='ltr'><strong>Rom.</strong></span> <span class='ocrx_word' id='word_1_354' title='bbox 1038 3318 1101 3368; x_wconf 88' lang='lat' dir='ltr'><strong>fecit</strong></span> 
     </span>
     <span class='ocr_line' id='line_1_46' title="bbox 220 3378 1104 3449; baseline 0 -19"><span class='ocrx_word' id='word_1_355' title='bbox 220 3378 344 3431; x_wconf 86' lang='lat' dir='ltr'><strong>heredem.</strong></span> <span class='ocrx_word' id='word_1_356' title='bbox 367 3386 434 3433; x_wconf 78' lang='lat' dir='ltr'><strong>Idem.</strong></span> <span class='ocrx_word' id='word_1_357' title='bbox 498 3382 567 3432; x_wconf 90' lang='lat' dir='ltr'><strong>ldem</strong></span> <span class='ocrx_word' id='word_1_358' title='bbox 578 3382 652 3432; x_wconf 88' lang='lat' dir='ltr'><strong>tradit</strong></span> <span class='ocrx_word' id='word_1_359' title='bbox 664 3385 797 3433; x_wconf 85' lang='lat' dir='ltr'><strong>Manutius.</strong></span> <span class='ocrx_word' id='word_1_360' title='bbox 830 3383 900 3449; x_wconf 90' lang='lat' dir='ltr'><strong>quod</strong></span> <span class='ocrx_word' id='word_1_361' title='bbox 912 3396 996 3432; x_wconf 89' lang='lat' dir='ltr'><strong>tamen</strong></span> <span class='ocrx_word' id='word_1_362' title='bbox 1006 3381 1104 3431; x_wconf 78' lang='lat' dir='ltr'><strong>faturu-</strong></span> 
     </span>
     <span class='ocr_line' id='line_1_47' title="bbox 215 3444 1102 3520; baseline 0.002 -24"><span class='ocrx_word' id='word_1_363' title='bbox 215 3459 288 3497; x_wconf 87' lang='lat' dir='ltr'><strong>mum</strong></span> <span class='ocrx_word' id='word_1_364' title='bbox 300 3445 341 3496; x_wconf 86' lang='lat' dir='ltr'><strong>est.</strong></span> <span class='ocrx_word' id='word_1_365' title='bbox 358 3449 420 3498; x_wconf 86' lang='lat' dir='ltr'><strong>Non</strong></span> <span class='ocrx_word' id='word_1_366' title='bbox 429 3447 474 3499; x_wconf 88' lang='lat' dir='ltr'><strong>ille</strong></span> <span class='ocrx_word' id='word_1_367' title='bbox 484 3462 527 3500; x_wconf 83' lang='lat' dir='ltr'><strong>rex</strong></span> <span class='ocrx_word' id='word_1_368' title='bbox 538 3451 712 3514; x_wconf 67' lang='lat' dir='ltr'><strong>Pergamenus,</strong></span> <span class='ocrx_word' id='word_1_369' title='bbox 732 3449 775 3514; x_wconf 90' lang='lat' dir='ltr'><strong>qui</strong></span> <span class='ocrx_word' id='word_1_370' title='bbox 784 3451 958 3501; x_wconf 80' lang='lat' dir='ltr'><strong>Romanorum</strong></span> <span class='ocrx_word' id='word_1_371' title='bbox 967 3444 1102 3520; x_wconf 75' lang='lat' dir='ltr'><strong>sociusfuit</strong></span> 
     </span>
    </p>

    <p class='ocr_par' dir='ltr' id='par_1_22' title="bbox 1037 3523 1104 3561">
     <span class='ocr_line' id='line_1_48' title="bbox 1037 3523 1104 3561; baseline -0.015 0"><span class='ocrx_word' id='word_1_372' title='bbox 1037 3554 1040 3561; x_wconf 95' lang='grc'><em>,</em></span> <span class='ocrx_word' id='word_1_373' title='bbox 1075 3523 1104 3560; x_wconf 84' lang='lat' dir='ltr'><strong>ur</strong></span> 
     </span>
    </p>
   </div>
   <div class='ocr_carea' id='block_1_4' title="bbox 0 0 1168 3914">
    <p class='ocr_par' dir='ltr' id='par_1_23' title="bbox 0 0 1168 3914">
     <span class='ocr_line' id='line_1_49' title="bbox 0 0 1168 3914; baseline 0 0"><span class='ocrx_word' id='word_1_374' title='bbox 0 0 1168 3914; x_wconf 95' lang='lat' dir='ltr'><strong> </strong></span> 
     </span>
    </p>
   </div>
  </div>
 </body>
</html>
