2318 3914
257 138 316 205 Ιιι
354 134 397 205 11.
438 137 721 205 Pisonen.
844 136 922 217 2761

38 243 165 303 ationem
178 244 352 321 conjicietur.
367 244 479 317 Judices
492 242 653 303 'udicnbunt
664 240 779 315 inquot
788 238 833 327 lex
846 239 920 316 ipsa,

38 338 90 381 non
102 336 177 399 quor
188 320 339 380 hominum
351 320 438 381 libido
451 319 486 379 de
497 320 591 395 egerit.
628 316 719 393 Quod
738 314 804 374 cum
817 329 855 377 ita
868 318 919 388 lit,
954 388 961 401 ⁸

38 396 105 456 nihi
123 395 224 467 crede,
245 400 273 449 ³⁶
285 399 432 457 neminem
446 397 570 455 ‘invitus
585 394 734 455 invitabis:
754 407 797 451 rea
812 392 869 467 ipsa
888 384 942 453 &f
953 390 1060 445 ¹¹¹an

38 471 194 549 reipublicae
206 485 316 550 tempus
328 488 376 534 aut
389 473 556 549 meipsum,
568 470 647 549 quod
659 470 764 539 nolim,
778 482 826 528 aut
837 468 922 531 alium
931 458 1007 565 ²22⁶·
1017 462 1046 513 δ’

38 566 123 628 quem
144 550 219 620 nm,
236 562 285 609 aut
296 551 440 620 invitabit,
458 563 506 609 aut
517 548 717 609 dehortabitur.
928 535 942 563 ⁴
954 538 982 571 '⁸'

75 636 107 677 ³²
164 620 965 702 tfflkm,utmdmamddn,mmefflnnffimfflds

38 702 81 762 cia
103 700 161 762 effe
177 702 209 763 in
225 702 389 763 horninibus
409 702 554 771 existimo,
572 720 638 779 quae
656 698 766 760 fortasse
779 698 921 777 plerique,

38 778 247 849 damnationes,
267 780 455 857 expulsiones,
475 797 570 839 neces:
593 778 715 855 denique
727 775 831 836 nullam
852 776 923 838 nnht

38 870 152 931 poenam
178 854 287 919 uidetur
310 857 412 917 habere
436 856 488 927 id,
515 856 594 934 quod
614 855 740 915 accidere
757 854 923 925 innocenti,

38 930 113 1009 puod
132 932 227 1003 forti,
256 933 336 1011 quod
356 934 492 1010 sapienti,
525 933 603 1021 quod
627 934 705 991 bono
728 932 791 991 viro
816 933 847 990 &
866 932 924 994 ciri

38 1006 135 1069 ›otett
171 1008 327 1069 Damnatio
359 1012 431 1082 ista,
455 1028 521 1087 quae
538 1030 569 1070 ιιι
586 1022 615 1069 te
634 1008 790 1085 flagitatur,
822 1006 924 1084 obtigit

38 1084 63 1135 ⁸⁸
77 1084 112 1145 P.
125 1086 334 1163 Rutiiinrquod
345 1087 486 1163 specimen
499 1088 594 1147 habuit
605 1086 774 1145 haeccivitas
786 1087 926 1145 innocen·

38 1158 92 1221 iae.
110 1162 205 1239 major
217 1164 285 1222 milri
293 1162 421 1240 judicum
436 1166 467 1225 81
479 1164 637 1240 reipublicae
651 1178 734 1238 poena
745 1162 791 1221 illa
809 1160 865 1221 visa
884 1162 923 1223 est

38 1236 124 1316 puirn
137 1240 243 1303 Rutilii.
261 1240 297 1317 (r)
311 1240 347 1299 L.
362 1240 494 1317 Opimius
508 1252 536 1293 ³⁹
551 1239 656 1317 ejectus
670 1238 686 1297 ὲ
699 1240 804 1313 patria,
822 1240 860 1309 is,
874 1240 924 1315 qui

872 1332 923 1375 no

287 1398 311 1444 A
341 1398 356 1445 8
387 1398 411 1446 C
443 1400 467 1447 0
497 1399 523 1447 Ν
555 1400 567 1445 l
598 1396 620 1443 U
652 1395 674 1443 S.
853 1333 872 1391 p

68 1454 231 1533 (fiennon
245 1472 332 1509 unns.
351 1475 368 1507 a
384 1475 505 1511 noviss.
524 1475 618 1511 cxxxx.
651 1463 679 1509 L.
692 1458 928 1523 opimr'usejassuspa.

38 1521 85 1567 m'a
100 1521 144 1579 est,
161 1526 195 1581 is,
210 1527 253 1589 qui
263 1524 289 1576 (r
303 1536 392 1587 prator,
409 1528 436 1577 (a
451 1527 524 1585 consul
538 1525 642 1573 maximis
653 1526 759 1585 periculis
775 1522 927 1587 rempublicam

38 1584 159 1643 iseram,
175 1604 216 1635 nou
234 1589 258 1635 ιἰι
274 1604 312 1643 ea,
327 1590 365 1636 cui
376 1590 442 1648 fassa
460 1594 543 1648 injuria
560 1588 602 1647 est,
615 1588 653 1645 sed
664 1590 686 1631 in
698 1590 744 1642 eis,
761 1590 802 1645 qus
809 1588 924 1647 fecerunt,

38 1648 153 1702 bestris&
168 1652 296 1711 conscientia
320 1667 367 1697 ana
377 1654 498 1711 amalfin]
514 1654 611 1698 Notum
621 1648 669 1703 est,
687 1650 816 1711 opimium
827 1652 853 1698 in
863 1666 925 1715 pra·-

38 1722 94 1761 tura
103 1714 231 1779 Fregellae
241 1714 293 1779 cep'
316 1728 344 1761 e:
356 1728 407 1779 quo
419 1713 492 1778 pasto
503 1712 566 1761 visus
576 1712 611 1761 est
622 1724 717 1760 ceteros
727 1726 829 1778 quoque
839 1716 924 1763 inomi-

38 1776 77 1825 nia
88 1776 176 1827 Latini
187 1777 267 1829 socios
278 1779 344 1826 male
361 1778 486 1827 animatos
497 1774 640 1842 reprelliffe:
658 1774 814 1841 eundemque
824 1777 851 1825 in
861 1790 924 1833 con-

38 1836 120 1889 sulatu
135 1842 251 1891 Fulvium
268 1842 382 1890 Flaccum
398 1839 550 1890 consularem
568 1842 594 1888 dc
612 1843 642 1886 C.
663 1838 802 1886 Gracchum
819 1837 924 1889 tribuni·

38 1902 267 2021 {ang‘oppresffsser
285 1909 321 2019 og
330 1920 406 1970 quam
417 1904 537 1955 invidiam
548 1903 633 1969 postea
643 1900 735 1963 judicio
746 1902 926 1955 circumventor

129 1982 208 2019 mcxl
221 1984 297 2020 tuma
323 1985 358 2020 us.

71 2104 112 2153 ³⁶·
129 2098 245 2145 Neminem
258 2098 346 2144 invitas
362 2096 498 2154 invium]
527 2096 704 2145 invitamini
720 2109 748 2145 tu
764 2096 925 2163 nequidem

38 2172 106 2209 nunc
115 2171 144 2208 ut
154 2158 201 2209 tibi
210 2174 304 2208 nomen
314 2157 437 2215 deferam,
453 2157 609 2209 sedinvirus:
626 2160 652 2208 in
662 2159 787 2226 pollerurn
797 2175 870 2221 vero,
886 2162 927 2213 le-

38 2236 71 2297 με
87 2225 207 2288 Pompeia
220 2223 286 2281 lata,
303 2223 443 2279 neminem,
459 2235 486 2271 ut
502 2237 567 2273 nunc
584 2222 664 2280 facit,
681 2225 773 2276 invitor
790 2226 923 2276 invitabirr

38 2284 91 2351 ipsa
100 2286 217 2337 invitabit
226 2288 370 2352 respublica.
388 2287 427 2336 Ad
436 2286 485 2337 hoc
495 2287 609 2346 verbum,
627 2293 713 2337 invitus
728 2290 835 2353 pertinet
844 2291 924 2348 illud,

38 2349 110 2465 zm
118 2351 189 2415 supra
198 2351 291 2401 distum
301 2351 348 2409 est,
364 2355 512 2401 Tremenrilus
522 2358 607 2401 omnino
617 2356 695 2405 labris.
712 2352 781 2427 quod
797 2356 880 2411 enim,
896 2368 924 2405 ot

58 2414 85 2463 bi
97 2416 189 2464 Cicero
199 2430 293 2464 nomen
306 2413 425 2473 deferret,
440 2416 602 2466 trementibus
612 2416 687 2466 labris
699 2414 751 2467 l'rso
768 2414 924 2482 requirebat,

39 2477 69 2529 id
79 2476 196 2529 videlieet
207 2479 344 2545 requirebat
354 2480 454 2530 invitus.
473 2487 499 2530 P.
512 2484 601 2530 Manat.

74 2556 115 2599 37.
131 2546 251 2609 Quidam,
268 2548 373 2606 utpaullo
383 2547 506 2599 antedicti,
517 2563 558 2591 non
568 2548 641 2592 eadem
647 2546 775 2607 suppliciffl
791 2545 924 2612 Postquam

38 2604 150 2657 ostendit
159 2605 204 2657 sibi
216 2604 377 2657 accusationis
394 2609 525 2656 materiam
542 2622 594 2655 non
611 2608 703 2665 deesse,
719 2606 826 2658 caussam
843 2611 924 2660 reddit

38 2670 160 2721 marnolit
170 2669 237 2721 diem
248 2670 340 2720 dicere:
358 2672 417 2737 quia
426 2673 545 2720 nimirum
561 2670 690 2720 damnatio
709 2686 761 2719 non
777 2674 810 2720 est
825 2676 925 2737 proprie

38 2732 201 2801 supplicium,
216 2750 268 2800 qnae
279 2738 358 2800 potest
367 2737 445 2785 etiam
461 2734 590 2784 innocenti
605 2735 756 2799 contingere.
790 2740 829 2783 De
840 2735 887 2784 hac
898 2750 926 2786 re

38 2812 101 2851 vero
112 2814 167 2865 qua
178 2798 266 2848 dixerit
278 2798 326 2848 vid.
345 2815 397 2864 cap.
413 2808 449 2848 11.
463 2802 489 2849 &
502 2815 537 2854 19.
556 2799 656 2847 Abram.

73 2871 113 2921 ao.
131 2868 157 2911 Ρ.
171 2868 276 2925 atatim:
293 2866 350 2927 quod
360 2868 462 2926 jpecimen
478 2866 552 2911 babuit
563 2864 628 2921 dnn]
644 2861 730 2911 Multo
745 2860 794 2911 lroc
810 2863 925 2915 Latinius

38 2926 75 2977 est
87 2940 166 2991 quam
176 2926 195 2976 ii
206 2924 302 2975 dixisset
320 2934 344 2973 P.
357 2927 460 2993 Rutilio,
476 2944 540 2990 quem
547 2927 651 2989 specimen
662 2929 746 2973 habuit.
769 2930 871 2991 lntegrae
883 2942 927 2976 aun

37 3002 93 3041 tem
104 2990 246 3047 huiuamodi
256 2990 395 3039 locutiones
405 2987 504 3043 fient,fi
516 3004 563 3054 pra
581 3004 642 3041 onas
653 2990 782 3039 relativum
789 2988 856 3037 alind
869 3005 926 3042 cunr

38 3053 118 3105 verbo
129 3052 277 3103 substantivo
291 3056 317 3103 dc
329 3068 359 3101 eo
371 3053 488 3108 nomine,
499 3068 550 3118 quo
578 3055 605 3102 in
618 3053 745 3117 posteriori
757 3050 869 3102 membro
879 3070 926 3118 po-

38 3118 121 3175 nitur,
140 3119 189 3166 hoc
206 3117 297 3167 modo:
316 3124 343 3167 P.
354 3120 458 3181 Rutilio,
474 3123 514 3179 qui
527 3119 555 3177 afa
569 3119 687 3180 specimen,
703 3121 760 3183 quod
771 3117 876 3180 specimen
887 3122 930 3165 ha·

39 3184 90 3231 snit
105 3186 149 3231 bac
164 3182 236 3241 nostra
250 3186 333 3231 civicas
344 3183 390 3234 dcc.
412 3186 451 3230 lta
461 3183 591 3243 Pompeius
602 3181 628 3228 in
639 3181 756 3245 epistola,
773 3195 826 3244 qun
837 3181 927 3247 legitur

39 3246 97 3296 Lib.
113 3250 178 3295 vni.
197 3245 228 3293 ad
239 3248 314 3295 Attic.
347 3254 396 3294 Non
411 3247 505 3307 amplius
523 3248 683 3308 quatuordecim
699 3249 791 3292 cohortes
806 3251 928 3294 contrahere

38 3313 103 3373 petrei
108 3341 116 3365 ,
133 3308 191 3372 quid
201 3313 339 3367 Brundisium
348 3311 469 3373 praefidium
479 3311 543 3366 mist,
560 3322 604 3381 pro
615 3324 660 3371 quc
669 3310 720 3368 sunt
727 3309 847 3370 prcfidr'un·
858 3318 928 3365 ,cuod

40 3372 89 3424 dre.
105 3373 190 3429 Livius
201 3375 276 3423 etiam
287 3373 357 3429 huius
368 3372 496 3438 elegantia
506 3369 815 3428 undosusmtadnibrum
828 3380 928 3424 1111111.

40 3449 66 3491 c.
79 3454 102 3496 4.
121 3435 218 3484 docctci
234 3438 294 3487 naim
305 3439 455 3487 Gronovius.
474 3438 573 3499 Verburg.

74 3515 116 3560 aa.
133 3503 220 3563 Ejecsas
228 3501 258 3563 cst
267 3507 372 3567 apmir,
379 3510 391 3564 J
407 3499 499 3553 Melius
510 3501 536 3551 in
546 3514 597 3551 uno
608 3500 749 3573 exemplari
756 3497 913 3558 inalienatum,
928 3519 941 3549 e

414 3568 442 3621 N
447 3581 489 3621 nn
504 3582 572 3624 nnn
587 3583 631 3624 nu
648 3586 659 3633 ς
914 3576 958 3629 tt-
