<?xml version="1.0" encoding="UTF-8"?>
<!DOCTYPE html PUBLIC "-//W3C//DTD XHTML 1.0 Transitional//EN"
    "http://www.w3.org/TR/xhtml1/DTD/xhtml1-transitional.dtd">
<html xmlns="http://www.w3.org/1999/xhtml" xml:lang="en" lang="en">
 <head>
  <title>
</title>
<meta http-equiv="Content-Type" content="text/html;charset=utf-8" />
  <meta name='ocr-system' content='tesseract 3.04.00' />
  <meta name='ocr-capabilities' content='ocr_page ocr_carea ocr_par ocr_line ocrx_word'/>
</head>
<body>
  <div class='ocr_page' id='page_1' title='image "./marcitulliicice08pedigoog_0098.png"; bbox 0 0 2318 3914; ppageno 0'>
   <div class='ocr_carea' id='block_1_1' title="bbox 253 158 926 245">
    <p class='ocr_par' dir='ltr' id='par_1_1' title="bbox 253 158 926 245">
     <span class='ocr_line' id='line_1_1' title="bbox 253 158 926 245; baseline -0.003 -14"><span class='ocrx_word' id='word_1_1' title='bbox 253 164 365 231; x_wconf 88' lang='lat' dir='ltr'>P-rto</span> <span class='ocrx_word' id='word_1_2' title='bbox 406 162 441 228; x_wconf 89' lang='lat' dir='ltr'>P.</span> <span class='ocrx_word' id='word_1_3' title='bbox 482 158 719 229; x_wconf 82' lang='lat' dir='ltr'>Snxtto.</span> <span class='ocrx_word' id='word_1_4' title='bbox 847 180 926 245; x_wconf 79' lang='lat'>2501</span> 
     </span>
    </p>
   </div>
   <div class='ocr_carea' id='block_1_2' title="bbox 45 262 1086 951">
    <p class='ocr_par' dir='ltr' id='par_1_2' title="bbox 45 262 1086 798">
     <span class='ocr_line' id='line_1_2' title="bbox 45 262 926 341; baseline -0.002 -16"><span class='ocrx_word' id='word_1_5' title='bbox 45 266 93 325; x_wconf 82' lang='lat' dir='ltr'>tria</span> <span class='ocrx_word' id='word_1_6' title='bbox 105 264 269 326; x_wconf 83' lang='lat' dir='ltr'>adducitur:</span> <span class='ocrx_word' id='word_1_7' title='bbox 289 282 344 325; x_wconf 90' lang='lat' dir='ltr'>nec</span> <span class='ocrx_word' id='word_1_8' title='bbox 356 275 420 324; x_wconf 85' lang='lat' dir='ltr'>tuos</span> <span class='ocrx_word' id='word_1_9' title='bbox 431 262 512 323; x_wconf 84' lang='lat' dir='ltr'>ludos</span> <span class='ocrx_word' id='word_1_10' title='bbox 526 263 648 341; x_wconf 79' lang='lat' dir='ltr'>adspexit</span> <span class='ocrx_word' id='word_1_11' title='bbox 660 264 690 324; x_wconf 91' lang='lat' dir='ltr'>in</span> <span class='ocrx_word' id='word_1_12' title='bbox 704 263 752 324; x_wconf 92' lang='lat' dir='ltr'>illo</span> <span class='ocrx_word' id='word_1_13' title='bbox 764 262 926 325; x_wconf 87' lang='lat' dir='ltr'>ardentitri·</span> 
     </span>
     <span class='ocr_line' id='line_1_3' title="bbox 47 340 924 418; baseline 0 -17"><span class='ocrx_word' id='word_1_14' title='bbox 47 342 224 413; x_wconf 90' lang='lat' dir='ltr'>bunatusuo,</span> <span class='ocrx_word' id='word_1_15' title='bbox 242 341 375 402; x_wconf 88' lang='lat' dir='ltr'>necullos</span> <span class='ocrx_word' id='word_1_16' title='bbox 386 341 470 409; x_wconf 85' lang='lat' dir='ltr'>alios,</span> <span class='ocrx_word' id='word_1_17' title='bbox 490 340 542 399; x_wconf 85' lang='lat' dir='ltr'>nisi</span> <span class='ocrx_word' id='word_1_18' title='bbox 555 359 621 410; x_wconf 86' lang='lat' dir='ltr'>eos,</span> <span class='ocrx_word' id='word_1_19' title='bbox 641 340 658 401; x_wconf 74' lang='lat' dir='ltr'>i</span> <span class='ocrx_word' id='word_1_20' title='bbox 670 341 770 418; x_wconf 86' lang='lat' dir='ltr'>quibus</span> <span class='ocrx_word' id='word_1_21' title='bbox 782 344 830 401; x_wconf 83' lang='lat' dir='ltr'>vix</span> <span class='ocrx_word' id='word_1_22' title='bbox 843 343 924 402; x_wconf 81' lang='lat' dir='ltr'>vitos</span> 
     </span>
     <span class='ocr_line' id='line_1_4' title="bbox 47 416 925 551; baseline -0.001 -71"><span class='ocrx_word' id='word_1_23' title='bbox 47 417 151 495; x_wconf 80' lang='lat' dir='ltr'>effugit</span> <span class='ocrx_word' id='word_1_24' title='bbox 174 417 319 487; x_wconf 82' lang='lat' dir='ltr'>³⁰Semel,</span> <span class='ocrx_word' id='word_1_25' title='bbox 338 419 472 495; x_wconf 89' lang='lat' dir='ltr'>inquam,</span> <span class='ocrx_word' id='word_1_26' title='bbox 491 416 925 551; x_wconf 52' lang='lat' dir='ltr'>seludishomoplopularitcom-</span> 
     </span>
     <span class='ocr_line' id='line_1_5' title="bbox 49 492 1086 573; baseline -0.007 -18"><span class='ocrx_word' id='word_1_27' title='bbox 49 494 118 555; x_wconf 84' lang='lat' dir='ltr'>ntifit</span> <span class='ocrx_word' id='word_1_28' title='bbox 129 497 268 565; x_wconf 89' lang='lat' dir='ltr'>omnino,</span> <span class='ocrx_word' id='word_1_29' title='bbox 289 494 354 554; x_wconf 79' lang='lat' dir='ltr'>cum</span> <span class='ocrx_word' id='word_1_30' title='bbox 367 495 397 552; x_wconf 89' lang='lat' dir='ltr'>in</span> <span class='ocrx_word' id='word_1_31' title='bbox 410 493 519 569; x_wconf 89' lang='lat' dir='ltr'>templo</span> <span class='ocrx_word' id='word_1_32' title='bbox 533 494 694 553; x_wconf 82' lang='lat' dir='ltr'>¹Honoris·</span> <span class='ocrx_word' id='word_1_33' title='bbox 730 496 818 553; x_wconf 88' lang='lat' dir='ltr'>irtutis</span> <span class='ocrx_word' id='word_1_34' title='bbox 835 494 944 553; x_wconf 87' lang='lat' dir='ltr'>honosl</span> <span class='ocrx_word' id='word_1_35' title='bbox 963 496 996 573; x_wconf 68' lang='grc' dir='ltr'>ς’ςι</span> <span class='ocrx_word' id='word_1_36' title='bbox 1011 492 1086 573; x_wconf 66' lang='lat' dir='ltr'>llis.</span> 
     </span>
     <span class='ocr_line' id='line_1_6' title="bbox 49 562 1058 647; baseline -0.002 -16"><span class='ocrx_word' id='word_1_37' title='bbox 49 570 152 633; x_wconf 85' lang='lat' dir='ltr'>habitus</span> <span class='ocrx_word' id='word_1_38' title='bbox 167 570 234 632; x_wconf 87' lang='lat' dir='ltr'>esset</span> <span class='ocrx_word' id='word_1_39' title='bbox 250 571 346 631; x_wconf 85' lang='lat' dir='ltr'>virtuti</span> <span class='ocrx_word' id='word_1_40' title='bbox 372 569 490 647; x_wconf 85' lang='lat' dir='ltr'>Cajique</span> <span class='ocrx_word' id='word_1_41' title='bbox 506 581 533 620; x_wconf 84' lang='lat'>³¹</span> <span class='ocrx_word' id='word_1_42' title='bbox 543 570 643 641; x_wconf 89' lang='lat' dir='ltr'>Marii,</span> <span class='ocrx_word' id='word_1_43' title='bbox 664 571 863 631; x_wconf 86' lang='lat' dir='ltr'>conservatoris</span> <span class='ocrx_word' id='word_1_44' title='bbox 875 562 1058 630; x_wconf 71' lang='lat' dir='ltr'>hu-⁴²”⁴²¹¹‘&#39;·</span> 
     </span>
     <span class='ocr_line' id='line_1_7' title="bbox 51 647 927 724; baseline 0.003 -21"><span class='ocrx_word' id='word_1_45' title='bbox 51 647 87 707; x_wconf 89' lang='lat' dir='ltr'>ius</span> <span class='ocrx_word' id='word_1_46' title='bbox 98 650 139 709; x_wconf 86' lang='lat' dir='ltr'>int</span> <span class='ocrx_word' id='word_1_47' title='bbox 161 650 481 719; x_wconf 86' lang='lat' dir='ltr'>erii,·monumentum.</span> <span class='ocrx_word' id='word_1_48' title='bbox 502 648 636 722; x_wconf 87' lang='lat' dir='ltr'>municipi</span> <span class='ocrx_word' id='word_1_49' title='bbox 650 648 708 724; x_wconf 84' lang='lat' dir='ltr'>ejus</span> <span class='ocrx_word' id='word_1_50' title='bbox 726 650 756 707; x_wconf 90' lang='lat'>&amp;</span> <span class='ocrx_word' id='word_1_51' title='bbox 768 648 927 723; x_wconf 84' lang='lat' dir='ltr'>reipublicae</span> 
     </span>
     <span class='ocr_line' id='line_1_8' title="bbox 52 719 636 798; baseline -0.005 -13"><span class='ocrx_word' id='word_1_52' title='bbox 52 722 128 785; x_wconf 87' lang='lat' dir='ltr'>desen</span> <span class='ocrx_word' id='word_1_53' title='bbox 141 724 304 797; x_wconf 83' lang='lat' dir='ltr'>ori‚sedem</span> <span class='ocrx_word' id='word_1_54' title='bbox 312 719 636 798; x_wconf 82' lang='lat' dir='ltr'>adsalutempraebuiffet.</span> 
     </span>
    </p>

    <p class='ocr_par' dir='ltr' id='par_1_3' title="bbox 51 800 995 951">
     <span class='ocr_line' id='line_1_9' title="bbox 85 800 995 879; baseline -0.005 -19"><span class='ocrx_word' id='word_1_55' title='bbox 85 802 152 862; x_wconf 91' lang='lat' dir='ltr'>LV.</span> <span class='ocrx_word' id='word_1_56' title='bbox 170 806 256 879; x_wconf 88' lang='lat' dir='ltr'>Quo</span> <span class='ocrx_word' id='word_1_57' title='bbox 296 801 393 859; x_wconf 91' lang='lat' dir='ltr'>uidem</span> <span class='ocrx_word' id='word_1_58' title='bbox 406 811 550 874; x_wconf 89' lang='lat' dir='ltr'>tempore,</span> <span class='ocrx_word' id='word_1_59' title='bbox 568 800 636 877; x_wconf 90' lang='lat' dir='ltr'>quid</span> <span class='ocrx_word' id='word_1_60' title='bbox 650 818 688 875; x_wconf 93' lang='lat' dir='ltr'>po</span> <span class='ocrx_word' id='word_1_61' title='bbox 708 800 768 860; x_wconf 88' lang='lat' dir='ltr'>ulus</span> <span class='ocrx_word' id='word_1_62' title='bbox 782 802 929 861; x_wconf 86' lang='lat' dir='ltr'>Romanus</span> <span class='ocrx_word' id='word_1_63' title='bbox 940 810 995 867; x_wconf 82' lang='grc' dir='ltr'>ιη.</span> 
     </span>
     <span class='ocr_line' id='line_1_10' title="bbox 51 818 929 951; baseline 0 -14"><span class='ocrx_word' id='word_1_64' title='bbox 51 876 141 937; x_wconf 82' lang='lat' dir='ltr'>sentire</span> <span class='ocrx_word' id='word_1_65' title='bbox 152 876 181 938; x_wconf 93' lang='lat' dir='ltr'>se</span> <span class='ocrx_word' id='word_1_66' title='bbox 196 818 362 946; x_wconf 69' lang='lat' dir='ltr'>ostenierit,</span> <span class='ocrx_word' id='word_1_67' title='bbox 381 887 501 951; x_wconf 88' lang='lat' dir='ltr'>utroque</span> <span class='ocrx_word' id='word_1_68' title='bbox 521 876 552 935; x_wconf 90' lang='lat' dir='ltr'>in</span> <span class='ocrx_word' id='word_1_69' title='bbox 563 893 666 951; x_wconf 79' lang='lat' dir='ltr'>genere</span> <span class='ocrx_word' id='word_1_70' title='bbox 684 818 854 937; x_wconf 68' lang='lat' dir='ltr'>ieclatatum</span> <span class='ocrx_word' id='word_1_71' title='bbox 875 877 929 937; x_wconf 88' lang='lat' dir='ltr'>est:</span> 
     </span>
    </p>
   </div>
   <div class='ocr_carea' id='block_1_3' title="bbox 52 952 931 1091">
    <p class='ocr_par' dir='ltr' id='par_1_4' title="bbox 52 952 931 1091">
     <span class='ocr_line' id='line_1_11' title="bbox 52 952 931 1089; baseline -0.003 -75"><span class='ocrx_word' id='word_1_72' title='bbox 52 953 158 1089; x_wconf 52' lang='lat' dir='ltr'>idmb&#39;</span> <span class='ocrx_word' id='word_1_73' title='bbox 177 953 244 1013; x_wconf 80' lang='lat' dir='ltr'>clun</span> <span class='ocrx_word' id='word_1_74' title='bbox 259 952 363 1012; x_wconf 86' lang='lat' dir='ltr'>audito·</span> <span class='ocrx_word' id='word_1_75' title='bbox 373 952 481 1011; x_wconf 75' lang='lat' dir='ltr'>senatis</span> <span class='ocrx_word' id='word_1_76' title='bbox 493 952 636 1021; x_wconf 90' lang='lat' dir='ltr'>consulto,</span> <span class='ocrx_word' id='word_1_77' title='bbox 656 970 706 1011; x_wconf 87' lang='lat' dir='ltr'>ote</span> <span class='ocrx_word' id='word_1_78' title='bbox 719 952 768 1088; x_wconf 54' lang='lat' dir='ltr'>iifl</span> <span class='ocrx_word' id='word_1_79' title='bbox 786 967 870 1031; x_wconf 91' lang='lat' dir='ltr'>atque</span> <span class='ocrx_word' id='word_1_80' title='bbox 882 954 931 1011; x_wconf 91' lang='lat' dir='ltr'>ab·</span> 
     </span>
     <span class='ocr_line' id='line_1_12' title="bbox 74 1031 232 1091; baseline 0 -2"><span class='ocrx_word' id='word_1_81' title='bbox 74 1032 112 1091; x_wconf 88' lang='lat' dir='ltr'>nti</span> <span class='ocrx_word' id='word_1_82' title='bbox 123 1031 232 1090; x_wconf 80' lang='lat' dir='ltr'>senatui</span> 
     </span>
    </p>
   </div>
   <div class='ocr_carea' id='block_1_4' title="bbox 53 1028 940 1319">
    <p class='ocr_par' dir='ltr' id='par_1_5' title="bbox 263 1028 930 1100">
     <span class='ocr_line' id='line_1_13' title="bbox 263 1028 930 1100; baseline 0.003 -13"><span class='ocrx_word' id='word_1_83' title='bbox 263 1029 348 1088; x_wconf 88' lang='lat' dir='ltr'>lausus</span> <span class='ocrx_word' id='word_1_84' title='bbox 361 1028 399 1087; x_wconf 89' lang='lat' dir='ltr'>est</span> <span class='ocrx_word' id='word_1_85' title='bbox 412 1028 445 1087; x_wconf 84' lang='lat' dir='ltr'>ab</span> <span class='ocrx_word' id='word_1_86' title='bbox 459 1028 591 1087; x_wconf 85' lang='lat' dir='ltr'>universis</span> <span class='ocrx_word' id='word_1_87' title='bbox 604 1029 683 1089; x_wconf 87' lang='lat' dir='ltr'>datus</span> <span class='ocrx_word' id='word_1_88' title='bbox 697 1050 704 1088; x_wconf 90' lang='lat'>:</span> <span class='ocrx_word' id='word_1_89' title='bbox 743 1031 844 1100; x_wconf 88' lang='lat' dir='ltr'>einde‚</span> <span class='ocrx_word' id='word_1_90' title='bbox 863 1029 930 1089; x_wconf 78' lang='lat' dir='ltr'>cum</span> 
     </span>
    </p>

    <p class='ocr_par' dir='ltr' id='par_1_6' title="bbox 53 1103 940 1319">
     <span class='ocr_line' id='line_1_14' title="bbox 53 1103 930 1183; baseline 0 -18"><span class='ocrx_word' id='word_1_91' title='bbox 53 1104 217 1167; x_wconf 86' lang='lat' dir='ltr'>senatoribus</span> <span class='ocrx_word' id='word_1_92' title='bbox 238 1105 337 1183; x_wconf 82' lang='lat' dir='ltr'>mgulis</span> <span class='ocrx_word' id='word_1_93' title='bbox 349 1104 500 1180; x_wconf 63' lang='lat' dir='ltr'>spectatum</span> <span class='ocrx_word' id='word_1_94' title='bbox 515 1103 638 1164; x_wconf 62' lang='lat' dir='ltr'>&amp;senatu</span> <span class='ocrx_word' id='word_1_95' title='bbox 650 1105 836 1165; x_wconf 83' lang='lat' dir='ltr'>redeuntibus.</span> <span class='ocrx_word' id='word_1_96' title='bbox 855 1105 930 1165; x_wconf 77' lang='lat' dir='ltr'>Cum</span> 
     </span>
     <span class='ocr_line' id='line_1_15' title="bbox 54 1178 931 1271; baseline -0.002 -28"><span class='ocrx_word' id='word_1_97' title='bbox 54 1178 703 1262; x_wconf 79' lang='lat' dir='ltr'>tctbipse,quiludossatiebat‚consulaliedit:</span> <span class='ocrx_word' id='word_1_98' title='bbox 726 1182 864 1243; x_wconf 79' lang='lat' dir='ltr'>³⁸stantes</span> <span class='ocrx_word' id='word_1_99' title='bbox 882 1185 931 1271; x_wconf 58' lang='lat'>&amp;3</span> 
     </span>
     <span class='ocr_line' id='line_1_16' title="bbox 848 1278 940 1319; baseline 0 0"><span class='ocrx_word' id='word_1_100' title='bbox 848 1278 940 1319; x_wconf 87' lang='lat' dir='ltr'>mant-</span> 
     </span>
    </p>
   </div>
   <div class='ocr_carea' id='block_1_5' title="bbox 38 1399 1003 3624">
    <p class='ocr_par' dir='ltr' id='par_1_7' title="bbox 38 1399 1003 3624">
     <span class='ocr_line' id='line_1_17' title="bbox 55 1399 1003 1469; baseline -0.001 -19"><span class='ocrx_word' id='word_1_101' title='bbox 55 1400 111 1453; x_wconf 86' lang='lat' dir='ltr'>liunr</span> <span class='ocrx_word' id='word_1_102' title='bbox 121 1399 284 1453; x_wconf 84' lang='lat' dir='ltr'>obscaniotes</span> <span class='ocrx_word' id='word_1_103' title='bbox 295 1400 392 1451; x_wconf 78' lang='lat' dir='ltr'>Clodia</span> <span class='ocrx_word' id='word_1_104' title='bbox 420 1412 490 1451; x_wconf 81' lang='lat' dir='ltr'>artes.</span> <span class='ocrx_word' id='word_1_105' title='bbox 507 1400 615 1459; x_wconf 59' lang='lat' dir='ltr'>lustum·</span> <span class='ocrx_word' id='word_1_106' title='bbox 627 1400 684 1453; x_wconf 89' lang='lat' dir='ltr'>sane</span> <span class='ocrx_word' id='word_1_107' title='bbox 695 1400 758 1469; x_wconf 79' lang='lat' dir='ltr'>apud</span> <span class='ocrx_word' id='word_1_108' title='bbox 771 1400 893 1467; x_wconf 78' lang='lat' dir='ltr'>Aristoph.</span> <span class='ocrx_word' id='word_1_109' title='bbox 906 1401 934 1450; x_wconf 88' lang='lat' dir='ltr'>in</span> <span class='ocrx_word' id='word_1_110' title='bbox 1000 1450 1003 1455; x_wconf 82' lang='grc'>,</span> 
     </span>
     <span class='ocr_line' id='line_1_18' title="bbox 56 1462 934 1541; baseline 0.001 -27"><span class='ocrx_word' id='word_1_111' title='bbox 56 1464 231 1541; x_wconf 79' lang='lat' dir='ltr'>Thesmopbon</span> <span class='ocrx_word' id='word_1_112' title='bbox 245 1465 334 1514; x_wconf 87' lang='lat' dir='ltr'>dicitur</span> <span class='ocrx_word' id='word_1_113' title='bbox 344 1467 375 1514; x_wconf 73' lang='lat' dir='ltr'>‘ti</span> <span class='ocrx_word' id='word_1_114' title='bbox 387 1462 471 1517; x_wconf 71' lang='lat' dir='ltr'>atisin</span> <span class='ocrx_word' id='word_1_115' title='bbox 485 1464 600 1530; x_wconf 62' lang='lat' dir='ltr'>discutiit.</span> <span class='ocrx_word' id='word_1_116' title='bbox 619 1467 681 1516; x_wconf 87' lang='lat' dir='ltr'>Vide</span> <span class='ocrx_word' id='word_1_117' title='bbox 693 1466 798 1533; x_wconf 77' lang='lat' dir='ltr'>Hesych.</span> <span class='ocrx_word' id='word_1_118' title='bbox 818 1471 869 1516; x_wconf 88' lang='lat' dir='ltr'>cur</span> <span class='ocrx_word' id='word_1_119' title='bbox 879 1479 934 1515; x_wconf 90' lang='lat' dir='ltr'>non</span> 
     </span>
     <span class='ocr_line' id='line_1_19' title="bbox 56 1527 687 1593; baseline 0 -14"><span class='ocrx_word' id='word_1_120' title='bbox 56 1530 177 1580; x_wconf 76' lang='lat' dir='ltr'>muliebus</span> <span class='ocrx_word' id='word_1_121' title='bbox 188 1541 278 1579; x_wconf 81' lang='lat' dir='ltr'>natura</span> <span class='ocrx_word' id='word_1_122' title='bbox 287 1529 369 1593; x_wconf 83' lang='lat' dir='ltr'>potuit</span> <span class='ocrx_word' id='word_1_123' title='bbox 379 1528 428 1579; x_wconf 86' lang='lat' dir='ltr'>dici</span> <span class='ocrx_word' id='word_1_124' title='bbox 438 1527 560 1589; x_wconf 62' lang='lat' dir='ltr'>insinauvi</span> <span class='ocrx_word' id='word_1_125' title='bbox 576 1534 687 1579; x_wconf 73' lang='lat' dir='ltr'>Granius.</span> 
     </span>
     <span class='ocr_line' id='line_1_20' title="bbox 80 1590 932 1652; baseline -0.006 -8"><span class='ocrx_word' id='word_1_126' title='bbox 80 1608 120 1650; x_wconf 73' lang='lat' dir='ltr'>so.</span> <span class='ocrx_word' id='word_1_127' title='bbox 138 1596 231 1652; x_wconf 79' lang='lat' dir='ltr'>Semel]</span> <span class='ocrx_word' id='word_1_128' title='bbox 247 1597 303 1641; x_wconf 83' lang='lat' dir='ltr'>Una</span> <span class='ocrx_word' id='word_1_129' title='bbox 311 1605 409 1642; x_wconf 88' lang='lat' dir='ltr'>tantum</span> <span class='ocrx_word' id='word_1_130' title='bbox 420 1592 584 1642; x_wconf 85' lang='lat' dir='ltr'>viceClodius</span> <span class='ocrx_word' id='word_1_131' title='bbox 594 1595 662 1642; x_wconf 84' lang='lat' dir='ltr'>nulus</span> <span class='ocrx_word' id='word_1_132' title='bbox 672 1593 706 1642; x_wconf 82' lang='lat' dir='ltr'>esi</span> <span class='ocrx_word' id='word_1_133' title='bbox 718 1590 748 1641; x_wconf 91' lang='lat' dir='ltr'>ad</span> <span class='ocrx_word' id='word_1_134' title='bbox 759 1590 883 1641; x_wconf 85' lang='lat' dir='ltr'>theatrum</span> <span class='ocrx_word' id='word_1_135' title='bbox 895 1593 932 1640; x_wconf 88' lang='lat' dir='ltr'>lu·</span> 
     </span>
     <span class='ocr_line' id='line_1_21' title="bbox 55 1654 933 1722; baseline -0.001 -18"><span class='ocrx_word' id='word_1_136' title='bbox 55 1654 96 1706; x_wconf 84' lang='lat' dir='ltr'>dos</span> <span class='ocrx_word' id='word_1_137' title='bbox 105 1655 255 1722; x_wconf 68' lang='lat' dir='ltr'>speituutus</span> <span class='ocrx_word' id='word_1_138' title='bbox 266 1654 379 1705; x_wconf 82' lang='lat' dir='ltr'>accedere</span> <span class='ocrx_word' id='word_1_139' title='bbox 391 1674 398 1705; x_wconf 73' lang='grc' dir='ltr'>ι</span> <span class='ocrx_word' id='word_1_140' title='bbox 414 1671 446 1706; x_wconf 90' lang='lat' dir='ltr'>eo</span> <span class='ocrx_word' id='word_1_141' title='bbox 458 1656 573 1706; x_wconf 83' lang='lat' dir='ltr'>videlicet</span> <span class='ocrx_word' id='word_1_142' title='bbox 584 1657 644 1715; x_wconf 86' lang='lat' dir='ltr'>die,</span> <span class='ocrx_word' id='word_1_143' title='bbox 659 1670 711 1722; x_wconf 91' lang='lat' dir='ltr'>quo</span> <span class='ocrx_word' id='word_1_144' title='bbox 727 1668 862 1720; x_wconf 85' lang='lat' dir='ltr'>antequam</span> <span class='ocrx_word' id='word_1_145' title='bbox 880 1656 933 1704; x_wconf 86' lang='lat' dir='ltr'>ludi</span> 
     </span>
     <span class='ocr_line' id='line_1_22' title="bbox 54 1717 937 1778; baseline -0.005 -7"><span class='ocrx_word' id='word_1_146' title='bbox 54 1719 152 1778; x_wconf 85' lang='lat' dir='ltr'>fierent,</span> <span class='ocrx_word' id='word_1_147' title='bbox 164 1719 264 1769; x_wconf 87' lang='lat' dir='ltr'>habitus</span> <span class='ocrx_word' id='word_1_148' title='bbox 274 1720 308 1769; x_wconf 87' lang='lat' dir='ltr'>est</span> <span class='ocrx_word' id='word_1_149' title='bbox 323 1724 424 1769; x_wconf 79' lang='lat' dir='ltr'>Senatus</span> <span class='ocrx_word' id='word_1_150' title='bbox 439 1721 466 1768; x_wconf 91' lang='lat' dir='ltr'>in</span> <span class='ocrx_word' id='word_1_151' title='bbox 483 1721 533 1769; x_wconf 83' lang='lat' dir='ltr'>ade</span> <span class='ocrx_word' id='word_1_152' title='bbox 549 1721 650 1769; x_wconf 84' lang='lat' dir='ltr'>virtutis</span> <span class='ocrx_word' id='word_1_153' title='bbox 667 1719 765 1769; x_wconf 86' lang='lat' dir='ltr'>theatro</span> <span class='ocrx_word' id='word_1_154' title='bbox 782 1722 877 1766; x_wconf 85' lang='lat' dir='ltr'>vicina:</span> <span class='ocrx_word' id='word_1_155' title='bbox 895 1717 937 1767; x_wconf 91' lang='lat' dir='ltr'>ubi</span> 
     </span>
     <span class='ocr_line' id='line_1_23' title="bbox 54 1781 936 1847; baseline -0.002 -14"><span class='ocrx_word' id='word_1_156' title='bbox 54 1781 294 1835; x_wconf 75' lang='lat' dir='ltr'>senatusconsultum</span> <span class='ocrx_word' id='word_1_157' title='bbox 310 1783 518 1847; x_wconf 86' lang='lat' dir='ltr'>perhonorificum</span> <span class='ocrx_word' id='word_1_158' title='bbox 535 1783 566 1833; x_wconf 92' lang='lat' dir='ltr'>de</span> <span class='ocrx_word' id='word_1_159' title='bbox 583 1786 705 1834; x_wconf 87' lang='lat' dir='ltr'>Cicerone</span> <span class='ocrx_word' id='word_1_160' title='bbox 721 1782 814 1832; x_wconf 73' lang='lat' dir='ltr'>fuitum</span> <span class='ocrx_word' id='word_1_161' title='bbox 832 1782 885 1837; x_wconf 87' lang='lat' dir='ltr'>est,</span> <span class='ocrx_word' id='word_1_162' title='bbox 909 1785 936 1831; x_wconf 78' lang='lat' dir='ltr'>bt</span> 
     </span>
     <span class='ocr_line' id='line_1_24' title="bbox 54 1846 937 1906; baseline -0.006 -9"><span class='ocrx_word' id='word_1_163' title='bbox 54 1847 135 1899; x_wconf 76' lang='lat' dir='ltr'>bonos</span> <span class='ocrx_word' id='word_1_164' title='bbox 152 1846 253 1897; x_wconf 80' lang='lat' dir='ltr'>bubitus</span> <span class='ocrx_word' id='word_1_165' title='bbox 268 1848 353 1896; x_wconf 82' lang='lat' dir='ltr'>virtuti</span> <span class='ocrx_word' id='word_1_166' title='bbox 374 1848 505 1896; x_wconf 80' lang='lat' dir='ltr'>Ciceronis</span> <span class='ocrx_word' id='word_1_167' title='bbox 522 1849 548 1897; x_wconf 75' lang='grc' dir='ltr'>δι</span> <span class='ocrx_word' id='word_1_168' title='bbox 565 1850 622 1906; x_wconf 81' lang='lat' dir='ltr'>caii</span> <span class='ocrx_word' id='word_1_169' title='bbox 639 1847 715 1897; x_wconf 87' lang='lat' dir='ltr'>Marii</span> <span class='ocrx_word' id='word_1_170' title='bbox 730 1857 937 1902; x_wconf 87' lang='lat' dir='ltr'>monumentum,</span> 
     </span>
     <span class='ocr_line' id='line_1_25' title="bbox 54 1909 939 1971; baseline -0.007 -8"><span class='ocrx_word' id='word_1_171' title='bbox 54 1911 79 1963; x_wconf 76' lang='lat' dir='ltr'>id</span> <span class='ocrx_word' id='word_1_172' title='bbox 87 1912 137 1971; x_wconf 76' lang='lat' dir='ltr'>est,</span> <span class='ocrx_word' id='word_1_173' title='bbox 154 1909 219 1961; x_wconf 70' lang='lat' dir='ltr'>ades</span> <span class='ocrx_word' id='word_1_174' title='bbox 229 1910 332 1960; x_wconf 83' lang='lat' dir='ltr'>Virtutis</span> <span class='ocrx_word' id='word_1_175' title='bbox 345 1910 377 1958; x_wconf 92' lang='lat' dir='ltr'>ad</span> <span class='ocrx_word' id='word_1_176' title='bbox 387 1912 495 1960; x_wconf 84' lang='lat' dir='ltr'>fututam</span> <span class='ocrx_word' id='word_1_177' title='bbox 506 1913 654 1959; x_wconf 84' lang='lat' dir='ltr'>memoriam</span> <span class='ocrx_word' id='word_1_178' title='bbox 664 1909 783 1961; x_wconf 73' lang='lat' dir='ltr'>exstrurta</span> <span class='ocrx_word' id='word_1_179' title='bbox 794 1909 939 1958; x_wconf 74' lang='lat' dir='ltr'>iMatiose·</span> 
     </span>
     <span class='ocr_line' id='line_1_26' title="bbox 54 1970 937 2041; baseline -0.007 -14"><span class='ocrx_word' id='word_1_180' title='bbox 54 1974 109 2027; x_wconf 71' lang='lat' dir='ltr'>dem</span> <span class='ocrx_word' id='word_1_181' title='bbox 119 1974 223 2041; x_wconf 78' lang='lat' dir='ltr'>prabuit</span> <span class='ocrx_word' id='word_1_182' title='bbox 235 1973 266 2023; x_wconf 86' lang='lat' dir='ltr'>ad</span> <span class='ocrx_word' id='word_1_183' title='bbox 278 1973 418 2024; x_wconf 87' lang='lat' dir='ltr'>faciendum</span> <span class='ocrx_word' id='word_1_184' title='bbox 429 1972 670 2023; x_wconf 81' lang='lat' dir='ltr'>senatusconsultum</span> <span class='ocrx_word' id='word_1_185' title='bbox 682 1975 712 2022; x_wconf 89' lang='lat' dir='ltr'>de</span> <span class='ocrx_word' id='word_1_186' title='bbox 728 1970 803 2021; x_wconf 88' lang='lat' dir='ltr'>salute</span> <span class='ocrx_word' id='word_1_187' title='bbox 815 1975 841 2021; x_wconf 81' lang='lat' dir='ltr'>bt</span> <span class='ocrx_word' id='word_1_188' title='bbox 855 1972 937 2021; x_wconf 86' lang='lat' dir='ltr'>reditu</span> 
     </span>
     <span class='ocr_line' id='line_1_27' title="bbox 53 2034 935 2102; baseline -0.007 -12"><span class='ocrx_word' id='word_1_189' title='bbox 53 2038 195 2091; x_wconf 76' lang='lat' dir='ltr'>ciceronis:</span> <span class='ocrx_word' id='word_1_190' title='bbox 211 2052 318 2102; x_wconf 87' lang='lat' dir='ltr'>quotum</span> <span class='ocrx_word' id='word_1_191' title='bbox 330 2040 392 2087; x_wconf 87' lang='lat' dir='ltr'>alter</span> <span class='ocrx_word' id='word_1_192' title='bbox 402 2039 508 2101; x_wconf 80' lang='lat' dir='ltr'>patriam</span> <span class='ocrx_word' id='word_1_193' title='bbox 521 2036 537 2087; x_wconf 59' lang='lat' dir='ltr'>i</span> <span class='ocrx_word' id='word_1_194' title='bbox 548 2037 656 2086; x_wconf 82' lang='lat' dir='ltr'>Cimbris</span> <span class='ocrx_word' id='word_1_195' title='bbox 668 2039 694 2087; x_wconf 75' lang='grc' dir='ltr'>δι</span> <span class='ocrx_word' id='word_1_196' title='bbox 705 2036 859 2085; x_wconf 85' lang='lat' dir='ltr'>Teutonibus</span> <span class='ocrx_word' id='word_1_197' title='bbox 869 2034 935 2084; x_wconf 87' lang='lat' dir='ltr'>libe-</span> 
     </span>
     <span class='ocr_line' id='line_1_28' title="bbox 53 2097 931 2161; baseline -0.005 -8"><span class='ocrx_word' id='word_1_198' title='bbox 53 2101 130 2161; x_wconf 79' lang='lat' dir='ltr'>terat,</span> <span class='ocrx_word' id='word_1_199' title='bbox 147 2104 211 2151; x_wconf 78' lang='lat' dir='ltr'>ulter</span> <span class='ocrx_word' id='word_1_200' title='bbox 221 2099 325 2151; x_wconf 77' lang='lat' dir='ltr'>eandem</span> <span class='ocrx_word' id='word_1_201' title='bbox 338 2114 425 2150; x_wconf 85' lang='lat' dir='ltr'>contra</span> <span class='ocrx_word' id='word_1_202' title='bbox 436 2101 486 2148; x_wconf 87' lang='lat' dir='ltr'>vim</span> <span class='ocrx_word' id='word_1_203' title='bbox 497 2103 522 2150; x_wconf 76' lang='lat' dir='ltr'>oe</span> <span class='ocrx_word' id='word_1_204' title='bbox 534 2099 643 2151; x_wconf 87' lang='lat' dir='ltr'>furorem</span> <span class='ocrx_word' id='word_1_205' title='bbox 653 2100 768 2151; x_wconf 77' lang='lat' dir='ltr'>catilina</span> <span class='ocrx_word' id='word_1_206' title='bbox 779 2097 931 2149; x_wconf 88' lang='lat' dir='ltr'>defenderat.</span> 
     </span>
     <span class='ocr_line' id='line_1_29' title="bbox 53 2164 933 2228; baseline -0.008 -11"><span class='ocrx_word' id='word_1_207' title='bbox 53 2166 134 2217; x_wconf 70' lang='lat' dir='ltr'>Moris</span> <span class='ocrx_word' id='word_1_208' title='bbox 142 2177 195 2215; x_wconf 87' lang='lat' dir='ltr'>erat</span> <span class='ocrx_word' id='word_1_209' title='bbox 205 2176 232 2212; x_wconf 93' lang='lat' dir='ltr'>ut</span> <span class='ocrx_word' id='word_1_210' title='bbox 243 2169 343 2215; x_wconf 85' lang='lat' dir='ltr'>senatus</span> <span class='ocrx_word' id='word_1_211' title='bbox 355 2165 381 2212; x_wconf 91' lang='lat' dir='ltr'>in</span> <span class='ocrx_word' id='word_1_212' title='bbox 392 2164 476 2212; x_wconf 90' lang='lat' dir='ltr'>locum</span> <span class='ocrx_word' id='word_1_213' title='bbox 486 2165 595 2227; x_wconf 85' lang='lat' dir='ltr'>aliquem</span> <span class='ocrx_word' id='word_1_214' title='bbox 604 2165 702 2215; x_wconf 87' lang='lat' dir='ltr'>theatro</span> <span class='ocrx_word' id='word_1_215' title='bbox 717 2164 860 2228; x_wconf 82' lang='lat' dir='ltr'>proximum</span> <span class='ocrx_word' id='word_1_216' title='bbox 870 2177 933 2211; x_wconf 86' lang='lat' dir='ltr'>con·</span> 
     </span>
     <span class='ocr_line' id='line_1_30' title="bbox 54 2228 932 2293; baseline -0.007 -13"><span class='ocrx_word' id='word_1_217' title='bbox 54 2231 153 2280; x_wconf 74' lang='lat' dir='ltr'>veniret</span> <span class='ocrx_word' id='word_1_218' title='bbox 187 2230 313 2293; x_wconf 78' lang='lat' dir='ltr'>Appianus</span> <span class='ocrx_word' id='word_1_219' title='bbox 325 2228 369 2277; x_wconf 92' lang='lat' dir='ltr'>lib.</span> <span class='ocrx_word' id='word_1_220' title='bbox 376 2231 395 2277; x_wconf 89' lang='lat'>1.</span> <span class='ocrx_word' id='word_1_221' title='bbox 408 2228 534 2277; x_wconf 81' lang='lat' dir='ltr'>bellorum</span> <span class='ocrx_word' id='word_1_222' title='bbox 543 2230 677 2279; x_wconf 79' lang='lat' dir='ltr'>civiliumt</span> <span class='ocrx_word' id='word_1_223' title='bbox 699 2230 824 2291; x_wconf 68' lang='lat' dir='ltr'>Spectacula</span> <span class='ocrx_word' id='word_1_224' title='bbox 834 2240 895 2275; x_wconf 76' lang='lat' dir='ltr'>erant</span> <span class='ocrx_word' id='word_1_225' title='bbox 905 2230 932 2274; x_wconf 72' lang='lat' dir='ltr'>i»</span> 
     </span>
     <span class='ocr_line' id='line_1_31' title="bbox 53 2293 932 2356; baseline -0.003 -14"><span class='ocrx_word' id='word_1_226' title='bbox 53 2298 134 2343; x_wconf 76' lang='lat' dir='ltr'>theam</span> <span class='ocrx_word' id='word_1_227' title='bbox 145 2296 256 2356; x_wconf 77' lang='lat' dir='ltr'>Pompeii,</span> <span class='ocrx_word' id='word_1_228' title='bbox 273 2293 412 2350; x_wconf 75' lang='lat' dir='ltr'>&amp;futurum</span> <span class='ocrx_word' id='word_1_229' title='bbox 427 2306 473 2339; x_wconf 80' lang='lat' dir='ltr'>erat</span> <span class='ocrx_word' id='word_1_230' title='bbox 490 2306 515 2339; x_wconf 84' lang='lat' dir='ltr'>ut</span> <span class='ocrx_word' id='word_1_231' title='bbox 532 2296 554 2339; x_wconf 87' lang='lat' dir='ltr'>itt</span> <span class='ocrx_word' id='word_1_232' title='bbox 570 2310 615 2340; x_wconf 75' lang='lat' dir='ltr'>nna</span> <span class='ocrx_word' id='word_1_233' title='bbox 626 2293 636 2341; x_wconf 78' lang='grc' dir='ltr'>ι’</span> <span class='ocrx_word' id='word_1_234' title='bbox 649 2295 733 2339; x_wconf 81' lang='lat' dir='ltr'>vicinis</span> <span class='ocrx_word' id='word_1_235' title='bbox 749 2294 828 2340; x_wconf 72' lang='lat' dir='ltr'>aditus</span> <span class='ocrx_word' id='word_1_236' title='bbox 839 2293 932 2341; x_wconf 75' lang='lat' dir='ltr'>Senam</span> 
     </span>
     <span class='ocr_line' id='line_1_32' title="bbox 55 2355 852 2418; baseline -0.006 -10"><span class='ocrx_word' id='word_1_237' title='bbox 55 2360 178 2407; x_wconf 61' lang='lat' dir='ltr'>daiam:</span> <span class='ocrx_word' id='word_1_238' title='bbox 192 2358 223 2416; x_wconf 82' lang='lat' dir='ltr'>fic</span> <span class='ocrx_word' id='word_1_239' title='bbox 232 2359 292 2403; x_wconf 83' lang='lat' dir='ltr'>enim</span> <span class='ocrx_word' id='word_1_240' title='bbox 297 2355 351 2415; x_wconf 80' lang='lat' dir='ltr'>fieri</span> <span class='ocrx_word' id='word_1_241' title='bbox 356 2356 410 2417; x_wconf 77' lang='lat' dir='ltr'>solet</span> <span class='ocrx_word' id='word_1_242' title='bbox 420 2373 468 2403; x_wconf 81' lang='lat' dir='ltr'>eum</span> <span class='ocrx_word' id='word_1_243' title='bbox 474 2355 593 2418; x_wconf 66' lang='lat' dir='ltr'>spectacula</span> <span class='ocrx_word' id='word_1_244' title='bbox 603 2358 734 2405; x_wconf 69' lang='lat' dir='ltr'>exhibentur.</span> <span class='ocrx_word' id='word_1_245' title='bbox 752 2359 852 2403; x_wconf 80' lang='lat' dir='ltr'>Abram.</span> 
     </span>
     <span class='ocr_line' id='line_1_33' title="bbox 82 2416 937 2481; baseline -0.007 -10"><span class='ocrx_word' id='word_1_246' title='bbox 82 2436 121 2479; x_wconf 69' lang='lat' dir='ltr'>at.</span> <span class='ocrx_word' id='word_1_247' title='bbox 137 2423 405 2476; x_wconf 59' lang='lat' dir='ltr'>sternutamentum]</span> <span class='ocrx_word' id='word_1_248' title='bbox 435 2418 509 2481; x_wconf 74' lang='lat' dir='ltr'>Quod</span> <span class='ocrx_word' id='word_1_249' title='bbox 520 2420 636 2468; x_wconf 82' lang='lat' dir='ltr'>exstruxit</span> <span class='ocrx_word' id='word_1_250' title='bbox 648 2420 679 2468; x_wconf 89' lang='lat' dir='ltr'>de</span> <span class='ocrx_word' id='word_1_251' title='bbox 690 2417 813 2467; x_wconf 88' lang='lat' dir='ltr'>manubiis</span> <span class='ocrx_word' id='word_1_252' title='bbox 824 2416 937 2466; x_wconf 85' lang='lat' dir='ltr'>Cimbri·</span> 
     </span>
     <span class='ocr_line' id='line_1_34' title="bbox 58 2478 934 2546; baseline -0.009 -11"><span class='ocrx_word' id='word_1_253' title='bbox 58 2485 88 2535; x_wconf 87' lang='lat' dir='ltr'>cis</span> <span class='ocrx_word' id='word_1_254' title='bbox 102 2486 129 2535; x_wconf 78' lang='lat' dir='ltr'>bt</span> <span class='ocrx_word' id='word_1_255' title='bbox 142 2483 296 2532; x_wconf 84' lang='lat' dir='ltr'>Teutonicis.</span> <span class='ocrx_word' id='word_1_256' title='bbox 334 2478 459 2546; x_wconf 84' lang='lat' dir='ltr'>inscriptio</span> <span class='ocrx_word' id='word_1_257' title='bbox 471 2481 518 2530; x_wconf 87' lang='lat' dir='ltr'>fuit</span> <span class='ocrx_word' id='word_1_258' title='bbox 528 2482 578 2532; x_wconf 83' lang='lat' dir='ltr'>haec</span> <span class='ocrx_word' id='word_1_259' title='bbox 589 2485 615 2531; x_wconf 92' lang='lat' dir='ltr'>in</span> <span class='ocrx_word' id='word_1_260' title='bbox 627 2484 678 2543; x_wconf 84' lang='lat' dir='ltr'>ejus</span> <span class='ocrx_word' id='word_1_261' title='bbox 689 2496 758 2531; x_wconf 84' lang='lat' dir='ltr'>arcu:</span> <span class='ocrx_word' id='word_1_262' title='bbox 777 2489 812 2530; x_wconf 81' lang='lat' dir='ltr'>De</span> <span class='ocrx_word' id='word_1_263' title='bbox 822 2484 934 2529; x_wconf 75' lang='lat' dir='ltr'>manubiis</span> 
     </span>
     <span class='ocr_line' id='line_1_35' title="bbox 58 2546 938 2609; baseline -0.005 -14"><span class='ocrx_word' id='word_1_264' title='bbox 58 2551 169 2599; x_wconf 66' lang='lat' dir='ltr'>cimbricis</span> <span class='ocrx_word' id='word_1_265' title='bbox 185 2549 308 2593; x_wconf 67' lang='lat' dir='ltr'>teutonicis</span> <span class='ocrx_word' id='word_1_266' title='bbox 322 2547 386 2592; x_wconf 71' lang='lat' dir='ltr'>adem</span> <span class='ocrx_word' id='word_1_267' title='bbox 402 2550 486 2593; x_wconf 79' lang='lat' dir='ltr'>Honori</span> <span class='ocrx_word' id='word_1_268' title='bbox 501 2549 527 2598; x_wconf 67' lang='lat' dir='ltr'>b·</span> <span class='ocrx_word' id='word_1_269' title='bbox 548 2550 632 2593; x_wconf 80' lang='lat' dir='ltr'>Virtuti</span> <span class='ocrx_word' id='word_1_270' title='bbox 648 2549 720 2594; x_wconf 75' lang='lat' dir='ltr'>vitror</span> <span class='ocrx_word' id='word_1_271' title='bbox 735 2546 792 2604; x_wconf 78' lang='lat' dir='ltr'>veste</span> <span class='ocrx_word' id='word_1_272' title='bbox 806 2547 938 2609; x_wconf 75' lang='lat' dir='ltr'>triumphali</span> 
     </span>
     <span class='ocr_line' id='line_1_36' title="bbox 58 2606 937 2674; baseline -0.005 -13"><span class='ocrx_word' id='word_1_273' title='bbox 58 2614 126 2661; x_wconf 77' lang='lat' dir='ltr'>uluis</span> <span class='ocrx_word' id='word_1_274' title='bbox 133 2612 240 2674; x_wconf 73' lang='lat' dir='ltr'>puniceis.</span> <span class='ocrx_word' id='word_1_275' title='bbox 258 2610 370 2658; x_wconf 82' lang='lat' dir='ltr'>Alterum</span> <span class='ocrx_word' id='word_1_276' title='bbox 381 2606 428 2657; x_wconf 87' lang='lat' dir='ltr'>fuit</span> <span class='ocrx_word' id='word_1_277' title='bbox 438 2610 549 2659; x_wconf 84' lang='lat' dir='ltr'>Honoris</span> <span class='ocrx_word' id='word_1_278' title='bbox 560 2611 585 2659; x_wconf 76' lang='grc' dir='ltr'>δι</span> <span class='ocrx_word' id='word_1_279' title='bbox 597 2609 698 2659; x_wconf 80' lang='lat' dir='ltr'>Virtutis</span> <span class='ocrx_word' id='word_1_280' title='bbox 708 2609 843 2672; x_wconf 88' lang='lat' dir='ltr'>templum,</span> <span class='ocrx_word' id='word_1_281' title='bbox 867 2608 937 2673; x_wconf 86' lang='lat' dir='ltr'>quod</span> 
     </span>
     <span class='ocr_line' id='line_1_37' title="bbox 38 2669 938 2737; baseline -0.007 -11"><span class='ocrx_word' id='word_1_282' title='bbox 38 2718 42 2735; x_wconf 84' lang='grc'>,</span> <span class='ocrx_word' id='word_1_283' title='bbox 62 2673 302 2737; x_wconf 64' lang='grc' dir='ltr'>[Μαιε11ω,ςιιὶ</span> <span class='ocrx_word' id='word_1_284' title='bbox 312 2669 396 2720; x_wconf 90' lang='lat' dir='ltr'>consul</span> <span class='ocrx_word' id='word_1_285' title='bbox 407 2672 537 2737; x_wconf 89' lang='lat' dir='ltr'>quinquies</span> <span class='ocrx_word' id='word_1_286' title='bbox 548 2671 669 2730; x_wconf 87' lang='lat' dir='ltr'>fuit,uon</span> <span class='ocrx_word' id='word_1_287' title='bbox 678 2674 756 2737; x_wconf 81' lang='lat' dir='ltr'>longe</span> <span class='ocrx_word' id='word_1_288' title='bbox 768 2672 797 2720; x_wconf 93' lang='lat' dir='ltr'>ab</span> <span class='ocrx_word' id='word_1_289' title='bbox 805 2674 885 2736; x_wconf 78' lang='lat' dir='ltr'>Appia</span> <span class='ocrx_word' id='word_1_290' title='bbox 897 2672 938 2720; x_wconf 86' lang='lat' dir='ltr'>via</span> 
     </span>
     <span class='ocr_line' id='line_1_38' title="bbox 39 2736 508 2789; baseline -0.006 0"><span class='ocrx_word' id='word_1_291' title='bbox 39 2750 42 2757; x_wconf 93' lang='grc'><strong><em>·</em></strong></span> <span class='ocrx_word' id='word_1_292' title='bbox 61 2736 120 2789; x_wconf 82' lang='lat' dir='ltr'>iecit.</span> <span class='ocrx_word' id='word_1_293' title='bbox 138 2736 260 2787; x_wconf 74' lang='lat' dir='ltr'>Pedianus</span> <span class='ocrx_word' id='word_1_294' title='bbox 276 2738 302 2785; x_wconf 91' lang='lat'>&amp;</span> <span class='ocrx_word' id='word_1_295' title='bbox 314 2736 364 2783; x_wconf 88' lang='lat' dir='ltr'>alii.</span> <span class='ocrx_word' id='word_1_296' title='bbox 382 2741 408 2787; x_wconf 82' lang='lat' dir='ltr'>P.</span> <span class='ocrx_word' id='word_1_297' title='bbox 417 2743 508 2787; x_wconf 75' lang='lat' dir='ltr'>Manat.</span> 
     </span>
     <span class='ocr_line' id='line_1_39' title="bbox 38 2797 940 2866; baseline 0.003 -19"><span class='ocrx_word' id='word_1_298' title='bbox 38 2812 45 2847; x_wconf 73' lang='lat' dir='ltr'>t·</span> <span class='ocrx_word' id='word_1_299' title='bbox 87 2818 125 2858; x_wconf 77' lang='lat'>32·</span> <span class='ocrx_word' id='word_1_300' title='bbox 142 2805 255 2856; x_wconf 68' lang='lat' dir='ltr'>stamen]</span> <span class='ocrx_word' id='word_1_301' title='bbox 278 2798 317 2849; x_wconf 81' lang='lat' dir='ltr'>nd</span> <span class='ocrx_word' id='word_1_302' title='bbox 328 2800 449 2857; x_wconf 81' lang='lat' dir='ltr'>maiorem</span> <span class='ocrx_word' id='word_1_303' title='bbox 460 2800 552 2849; x_wconf 89' lang='lat' dir='ltr'>amotis</span> <span class='ocrx_word' id='word_1_304' title='bbox 567 2799 773 2866; x_wconf 78' lang='lat' dir='ltr'>significationem</span> <span class='ocrx_word' id='word_1_305' title='bbox 784 2797 896 2863; x_wconf 81' lang='lat' dir='ltr'>plausum</span> <span class='ocrx_word' id='word_1_306' title='bbox 909 2799 940 2850; x_wconf 85' lang='lat' dir='ltr'>in</span> 
     </span>
     <span class='ocr_line' id='line_1_40' title="bbox 38 2861 788 2930; baseline -0.005 -14"><span class='ocrx_word' id='word_1_307' title='bbox 38 2870 43 2889; x_wconf 73' lang='lat'>²</span> <span class='ocrx_word' id='word_1_308' title='bbox 63 2862 154 2915; x_wconf 64' lang='lat' dir='ltr'>deaaro</span> <span class='ocrx_word' id='word_1_309' title='bbox 164 2862 246 2911; x_wconf 81' lang='lat' dir='ltr'>daturi</span> <span class='ocrx_word' id='word_1_310' title='bbox 256 2861 391 2927; x_wconf 82' lang='lat' dir='ltr'>surgebant.</span> <span class='ocrx_word' id='word_1_311' title='bbox 410 2865 548 2929; x_wconf 73' lang='lat' dir='ltr'>Propertius</span> <span class='ocrx_word' id='word_1_312' title='bbox 559 2865 639 2930; x_wconf 78' lang='lat' dir='ltr'>elegia</span> <span class='ocrx_word' id='word_1_313' title='bbox 650 2869 680 2913; x_wconf 83' lang='lat' dir='ltr'>X.</span> <span class='ocrx_word' id='word_1_314' title='bbox 693 2862 736 2914; x_wconf 91' lang='lat' dir='ltr'>lib.</span> <span class='ocrx_word' id='word_1_315' title='bbox 744 2868 788 2912; x_wconf 87' lang='lat'>111.</span> 
     </span>
     <span class='ocr_line' id='line_1_41' title="bbox 154 2927 696 2990; baseline 0.004 -14"><span class='ocrx_word' id='word_1_316' title='bbox 154 2930 289 2990; x_wconf 74' lang='lat' dir='ltr'>stantiaque</span> <span class='ocrx_word' id='word_1_317' title='bbox 300 2927 431 2989; x_wconf 74' lang='lat' dir='ltr'>inpransum</span> <span class='ocrx_word' id='word_1_318' title='bbox 442 2942 488 2975; x_wconf 77' lang='lat' dir='ltr'>tota</span> <span class='ocrx_word' id='word_1_319' title='bbox 498 2930 584 2975; x_wconf 75' lang='lat' dir='ltr'>theatra</span> <span class='ocrx_word' id='word_1_320' title='bbox 593 2931 696 2988; x_wconf 70' lang='lat' dir='ltr'>fremant.</span> 
     </span>
     <span class='ocr_line' id='line_1_42' title="bbox 38 2988 943 3055; baseline -0.001 -13"><span class='ocrx_word' id='word_1_321' title='bbox 38 3008 48 3042; x_wconf 70' lang='grc'>,·</span> <span class='ocrx_word' id='word_1_322' title='bbox 65 2991 146 3041; x_wconf 75' lang='lat' dir='ltr'>llosier</span> <span class='ocrx_word' id='word_1_323' title='bbox 156 2990 262 3055; x_wconf 81' lang='lat' dir='ltr'>epistola</span> <span class='ocrx_word' id='word_1_324' title='bbox 276 3006 311 3042; x_wconf 84' lang='lat' dir='ltr'>ts.</span> <span class='ocrx_word' id='word_1_325' title='bbox 324 2990 368 3039; x_wconf 92' lang='lat' dir='ltr'>lib.</span> <span class='ocrx_word' id='word_1_326' title='bbox 374 2994 406 3041; x_wconf 88' lang='lat'>11.</span> <span class='ocrx_word' id='word_1_327' title='bbox 420 2988 451 3039; x_wconf 86' lang='lat' dir='ltr'>nd</span> <span class='ocrx_word' id='word_1_328' title='bbox 463 2991 587 3041; x_wconf 79' lang='lat' dir='ltr'>Atticum:</span> <span class='ocrx_word' id='word_1_329' title='bbox 606 2995 696 3041; x_wconf 75' lang='lat' dir='ltr'>rm&#39;mtci</span> <span class='ocrx_word' id='word_1_330' title='bbox 707 3003 770 3039; x_wconf 77' lang='lat' dir='ltr'>erent</span> <span class='ocrx_word' id='word_1_331' title='bbox 779 2993 890 3055; x_wconf 76' lang='lat' dir='ltr'>equitibus</span> <span class='ocrx_word' id='word_1_332' title='bbox 901 2992 943 3053; x_wconf 75' lang='lat' dir='ltr'>qni</span> 
     </span>
     <span class='ocr_line' id='line_1_43' title="bbox 38 3053 946 3117; baseline -0.003 -12"><span class='ocrx_word' id='word_1_333' title='bbox 38 3058 50 3117; x_wconf 66' lang='grc' dir='ltr'>ἰζ</span> <span class='ocrx_word' id='word_1_334' title='bbox 67 3055 236 3116; x_wconf 68' lang='grc' dir='ltr'>Μοηίβαηιυ</span> <span class='ocrx_word' id='word_1_335' title='bbox 243 3055 374 3116; x_wconf 76' lang='lat' dir='ltr'>plauserant.</span> <span class='ocrx_word' id='word_1_336' title='bbox 408 3058 462 3102; x_wconf 85' lang='lat' dir='ltr'>Huc</span> <span class='ocrx_word' id='word_1_337' title='bbox 471 3056 548 3103; x_wconf 87' lang='lat' dir='ltr'>etiam</span> <span class='ocrx_word' id='word_1_338' title='bbox 558 3054 638 3104; x_wconf 86' lang='lat' dir='ltr'>refero</span> <span class='ocrx_word' id='word_1_339' title='bbox 650 3058 676 3105; x_wconf 83' lang='lat' dir='ltr'>bt</span> <span class='ocrx_word' id='word_1_340' title='bbox 693 3053 756 3104; x_wconf 91' lang='lat' dir='ltr'>illud</span> <span class='ocrx_word' id='word_1_341' title='bbox 773 3055 878 3104; x_wconf 79' lang='lat' dir='ltr'>audio&#39;ris</span> <span class='ocrx_word' id='word_1_342' title='bbox 890 3054 946 3104; x_wconf 84' lang='lat' dir='ltr'>dia·</span> 
     </span>
     <span class='ocr_line' id='line_1_44' title="bbox 38 3115 947 3185; baseline -0.004 -16"><span class='ocrx_word' id='word_1_343' title='bbox 38 3124 47 3179; x_wconf 75' lang='lat' dir='ltr'>s</span> <span class='ocrx_word' id='word_1_344' title='bbox 67 3118 113 3185; x_wconf 82' lang='lat' dir='ltr'>logi</span> <span class='ocrx_word' id='word_1_345' title='bbox 123 3118 154 3167; x_wconf 90' lang='lat' dir='ltr'>de</span> <span class='ocrx_word' id='word_1_346' title='bbox 160 3115 307 3167; x_wconf 87' lang='lat' dir='ltr'>oratoribus</span> <span class='ocrx_word' id='word_1_347' title='bbox 317 3118 344 3167; x_wconf 73' lang='lat' dir='ltr'>bt</span> <span class='ocrx_word' id='word_1_348' title='bbox 354 3116 429 3166; x_wconf 81' lang='lat' dir='ltr'>causis</span> <span class='ocrx_word' id='word_1_349' title='bbox 441 3131 559 3183; x_wconf 67' lang='lat' dir='ltr'>corrupto</span> <span class='ocrx_word' id='word_1_350' title='bbox 568 3120 592 3168; x_wconf 94' lang='lat' dir='ltr'>el</span> <span class='ocrx_word' id='word_1_351' title='bbox 629 3119 724 3168; x_wconf 78' lang='lat' dir='ltr'>nentia.</span> <span class='ocrx_word' id='word_1_352' title='bbox 747 3119 815 3175; x_wconf 70' lang='lat' dir='ltr'>Testis</span> <span class='ocrx_word' id='word_1_353' title='bbox 826 3121 868 3181; x_wconf 63' lang='lat' dir='ltr'>ipse</span> <span class='ocrx_word' id='word_1_354' title='bbox 876 3131 947 3182; x_wconf 76' lang='lat' dir='ltr'>popu·</span> 
     </span>
     <span class='ocr_line' id='line_1_45' title="bbox 38 3135 947 3247; baseline -0.001 -18"><span class='ocrx_word' id='word_1_355' title='bbox 38 3174 55 3231; x_wconf 58' lang='lat' dir='ltr'>,sl-¹</span> <span class='ocrx_word' id='word_1_356' title='bbox 68 3184 105 3241; x_wconf 77' lang='lat' dir='ltr'>ist,</span> <span class='ocrx_word' id='word_1_357' title='bbox 126 3188 166 3247; x_wconf 78' lang='lat' dir='ltr'>qui</span> <span class='ocrx_word' id='word_1_358' title='bbox 177 3183 263 3229; x_wconf 72' lang='lat' dir='ltr'>auditis</span> <span class='ocrx_word' id='word_1_359' title='bbox 274 3183 299 3229; x_wconf 81' lang='lat' dir='ltr'>iti</span> <span class='ocrx_word' id='word_1_360' title='bbox 307 3185 390 3230; x_wconf 79' lang='lat' dir='ltr'>theatro</span> <span class='ocrx_word' id='word_1_361' title='bbox 402 3184 496 3239; x_wconf 78' lang='lat' dir='ltr'>verfibut</span> <span class='ocrx_word' id='word_1_362' title='bbox 509 3135 708 3244; x_wconf 49' lang='lat' dir='ltr'>Virgilii‘iurrexit</span> <span class='ocrx_word' id='word_1_363' title='bbox 719 3183 848 3238; x_wconf 72' lang='lat' dir='ltr'>universus,</span> <span class='ocrx_word' id='word_1_364' title='bbox 860 3183 886 3233; x_wconf 68' lang='grc' dir='ltr'>ὁ·</span> <span class='ocrx_word' id='word_1_365' title='bbox 910 3200 947 3229; x_wconf 84' lang='lat' dir='ltr'>or·</span> 
     </span>
     <span class='ocr_line' id='line_1_46' title="bbox 38 3245 945 3309; baseline -0.001 -16"><span class='ocrx_word' id='word_1_366' title='bbox 38 3252 40 3283; x_wconf 74' lang='lat' dir='ltr'>i</span> <span class='ocrx_word' id='word_1_367' title='bbox 67 3256 83 3293; x_wconf 84' lang='lat' dir='ltr'>tt</span> <span class='ocrx_word' id='word_1_368' title='bbox 112 3248 208 3308; x_wconf 69' lang='lat' dir='ltr'>ascitum</span> <span class='ocrx_word' id='word_1_369' title='bbox 214 3245 382 3309; x_wconf 68' lang='lat' dir='ltr'>suessanumque</span> <span class='ocrx_word' id='word_1_370' title='bbox 394 3248 513 3306; x_wconf 78' lang='lat' dir='ltr'>Virgilium</span> <span class='ocrx_word' id='word_1_371' title='bbox 522 3261 637 3295; x_wconf 79' lang='lat' dir='ltr'>veneratus</span> <span class='ocrx_word' id='word_1_372' title='bbox 646 3246 688 3306; x_wconf 80' lang='lat' dir='ltr'>est,</span> <span class='ocrx_word' id='word_1_373' title='bbox 700 3247 731 3304; x_wconf 82' lang='lat' dir='ltr'>fic</span> <span class='ocrx_word' id='word_1_374' title='bbox 740 3246 804 3308; x_wconf 76' lang='lat' dir='ltr'>quast</span> <span class='ocrx_word' id='word_1_375' title='bbox 809 3249 866 3308; x_wconf 58' lang='lat' dir='ltr'>«sug</span> <span class='ocrx_word' id='word_1_376' title='bbox 898 3262 945 3298; x_wconf 75' lang='lat' dir='ltr'>nm.</span> 
     </span>
     <span class='ocr_line' id='line_1_47' title="bbox 66 3260 948 3375; baseline 0 -16"><span class='ocrx_word' id='word_1_377' title='bbox 66 3260 129 3361; x_wconf 49' lang='grc' dir='ltr'>ὧι</span> <span class='ocrx_word' id='word_1_378' title='bbox 139 3307 263 3374; x_wconf 77' lang='lat' dir='ltr'>Augustus</span> <span class='ocrx_word' id='word_1_379' title='bbox 274 3307 372 3357; x_wconf 77' lang='lat' dir='ltr'>audlore</span> <span class='ocrx_word' id='word_1_380' title='bbox 383 3309 531 3373; x_wconf 87' lang='lat' dir='ltr'>Tranquillo</span> <span class='ocrx_word' id='word_1_381' title='bbox 542 3324 595 3375; x_wconf 87' lang='lat' dir='ltr'>cap.</span> <span class='ocrx_word' id='word_1_382' title='bbox 612 3318 648 3365; x_wconf 75' lang='grc' dir='ltr'>ςε.</span> <span class='ocrx_word' id='word_1_383' title='bbox 661 3307 745 3357; x_wconf 86' lang='lat' dir='ltr'>libetis</span> <span class='ocrx_word' id='word_1_384' title='bbox 756 3306 803 3356; x_wconf 85' lang='lat' dir='ltr'>suis</span> <span class='ocrx_word' id='word_1_385' title='bbox 813 3316 948 3370; x_wconf 71' lang='lat' dir='ltr'>pratextatis</span> 
     </span>
     <span class='ocr_line' id='line_1_48' title="bbox 54 3372 949 3435; baseline -0.002 -12"><span class='ocrx_word' id='word_1_386' title='bbox 54 3376 126 3423; x_wconf 74' lang='lat' dir='ltr'>-dtac</span> <span class='ocrx_word' id='word_1_387' title='bbox 135 3375 287 3428; x_wconf 69' lang='lat' dir='ltr'>autumnum</span> <span class='ocrx_word' id='word_1_388' title='bbox 297 3374 324 3418; x_wconf 78' lang='lat' dir='ltr'>ab</span> <span class='ocrx_word' id='word_1_389' title='bbox 335 3373 442 3426; x_wconf 69' lang='lat' dir='ltr'>univerit</span> <span class='ocrx_word' id='word_1_390' title='bbox 452 3376 476 3419; x_wconf 84' lang='lat' dir='ltr'>in</span> <span class='ocrx_word' id='word_1_391' title='bbox 486 3376 584 3429; x_wconf 76' lang='lat' dir='ltr'>theatro,</span> <span class='ocrx_word' id='word_1_392' title='bbox 600 3372 759 3431; x_wconf 65' lang='lat' dir='ltr'>&amp;hiantibus</span> <span class='ocrx_word' id='word_1_393' title='bbox 769 3372 882 3434; x_wconf 68' lang='lat' dir='ltr'>plausum,</span> <span class='ocrx_word' id='word_1_394' title='bbox 892 3391 949 3435; x_wconf 76' lang='lat' dir='ltr'>gra·</span> 
     </span>
     <span class='ocr_line' id='line_1_49' title="bbox 64 3434 948 3502; baseline -0.005 -17"><span class='ocrx_word' id='word_1_395' title='bbox 64 3438 142 3497; x_wconf 53' lang='grc' dir='ltr'>νίψαι</span> <span class='ocrx_word' id='word_1_396' title='bbox 172 3435 242 3495; x_wconf 80' lang='lat' dir='ltr'>ueftus</span> <span class='ocrx_word' id='word_1_397' title='bbox 253 3434 289 3494; x_wconf 74' lang='lat' dir='ltr'>est.</span> <span class='ocrx_word' id='word_1_398' title='bbox 307 3434 424 3500; x_wconf 75' lang='lat' dir='ltr'>suggessit</span> <span class='ocrx_word' id='word_1_399' title='bbox 436 3434 499 3484; x_wconf 80' lang='lat' dir='ltr'>mihi</span> <span class='ocrx_word' id='word_1_400' title='bbox 511 3435 683 3485; x_wconf 78' lang='lat' dir='ltr'>eruditillimus</span> <span class='ocrx_word' id='word_1_401' title='bbox 694 3435 853 3502; x_wconf 79' lang='lat' dir='ltr'>Bullengetus</span> <span class='ocrx_word' id='word_1_402' title='bbox 866 3442 948 3485; x_wconf 78' lang='lat' dir='ltr'>Arno·</span> 
     </span>
     <span class='ocr_line' id='line_1_50' title="bbox 63 3496 949 3623; baseline -0.008 -69"><span class='ocrx_word' id='word_1_403' title='bbox 63 3496 128 3579; x_wconf 71' lang='lat' dir='ltr'>lium</span> <span class='ocrx_word' id='word_1_404' title='bbox 150 3500 157 3511; x_wconf 81' lang='grc'><strong><em>’</em></strong></span> <span class='ocrx_word' id='word_1_405' title='bbox 180 3503 236 3556; x_wconf 82' lang='lat' dir='ltr'>.1V.</span> <span class='ocrx_word' id='word_1_406' title='bbox 253 3501 653 3616; x_wconf 67' lang='lat' dir='ltr'>comtmntovaffurrunttbutra,</span> <span class='ocrx_word' id='word_1_407' title='bbox 669 3508 949 3623; x_wconf 53' lang='lat' dir='ltr'>utramcumqu</span> 
     </span>
     <span class='ocr_line' id='line_1_51' title="bbox 448 3577 952 3624; baseline -0.002 -10"><span class='ocrx_word' id='word_1_408' title='bbox 448 3577 484 3614; x_wconf 80' lang='lat' dir='ltr'>tv</span> <span class='ocrx_word' id='word_1_409' title='bbox 501 3577 559 3616; x_wconf 67' lang='grc' dir='ltr'>νυ</span> <span class='ocrx_word' id='word_1_410' title='bbox 575 3578 590 3617; x_wconf 78' lang='lat' dir='ltr'>v</span> <span class='ocrx_word' id='word_1_411' title='bbox 607 3580 619 3624; x_wconf 72' lang='lat'>3</span> <span class='ocrx_word' id='word_1_412' title='bbox 912 3578 952 3613; x_wconf 75' lang='lat' dir='ltr'>ts·</span> 
     </span>
    </p>
   </div>
   <div class='ocr_carea' id='block_1_6' title="bbox 0 0 1181 3914">
    <p class='ocr_par' dir='ltr' id='par_1_8' title="bbox 0 0 1181 3914">
     <span class='ocr_line' id='line_1_52' title="bbox 0 0 1181 3914; baseline 0 0"><span class='ocrx_word' id='word_1_413' title='bbox 0 0 1181 3914; x_wconf 95' lang='lat' dir='ltr'> </span> 
     </span>
    </p>
   </div>
  </div>
 </body>
</html>
