2318 3914
216 126 307 193 Ριιο
327 123 369 193 C.
390 112 588 191 Rnnruro
608 123 829 195 Posrusro.
889 128 974 207 2887

38 291 46 303 ,
62 230 125 292 boc
133 246 238 311 genere
244 232 343 310 judicii
355 230 443 308 redigi
457 228 578 290 esolere.
597 230 685 291 Nunc
695 230 767 291 verb
778 231 848 310 quid
858 232 963 311 agitari
975 230 990 269 e
1004 220 1096 279 ΕΜ

63 310 113 369 ubi
124 320 260 370 terrarum
270 310 362 371 sumus
375 310 388 369 ‚³
407 307 476 385 quid
486 320 548 367 tam
564 308 707 377 insolens,
726 320 786 368 tam
799 311 958 385 perversum
971 286 1029 340 ω·

62 387 302 463 praeposteremus
314 387 371 447 dici
389 396 438 445 aut
448 384 602 461 excogitari
621 383 734 462 potest?
753 386 906 447 Accusatur
917 390 957 463 is,
969 368 1008 445 3⁸

41 515 44 526 .
61 466 114 543 qui
128 482 189 523 non
199 464 305 525 abstulit
316 463 333 523 d
345 480 427 540 rege,
447 460 518 521 ficut
531 462 667 521 Gabinius
678 462 819 539 judicatus
838 465 891 525 est:
910 465 958 527 sed

82 543 114 600 ui
132 541 286 601 maximam
306 542 365 616 regi
375 542 526 617 pecuniam
541 538 668 600 credidit.
704 538 782 617 Ergo
795 542 818 599 is
831 544 956 609 Gabinio

38 646 40 652 v
59 556 156 689 dedit,
173 620 223 695 qui
234 618 371 677 nonhuic
392 614 519 677 reddidit.
554 617 619 690 Jam
634 616 745 685 scedis,
764 615 830 675 cium
848 621 886 693 is,
926 624 982 687 ulf
993 634 1087 687 acm.

60 694 212 769 pecuniam
223 694 358 754 Postumo
371 693 483 764 debuit,
496 710 557 751 non
569 692 653 763 huic,
672 692 720 753 sed
731 693 855 757 Gabinio
867 642 1009 763 dede-‘ds
1023 710 1079 749 om.

59 772 107 831 rit:
116 772 312 833 condemnato
323 772 445 831 Gabinio
453 784 486 840 ,s
498 768 592 829 utrum
605 769 644 829 illi
656 786 721 829 eam
732 775 883 851 pecuniam
889 778 952 841 red·
962 778 1106 851 &samia

59 844 145 918 didit,
166 866 203 908 an
215 848 301 909 etiam
313 865 390 908 nunc
402 844 506 907 debet?
960 845 1107 922 wMSS3⁶

96 926 179 986 XIV.
197 928 253 986 Ar
275 944 398 985 asnar
414 926 443 984 ὃ(
456 923 536 982 celat.
554 924 615 983 sunt
627 923 705 984 enim
716 924 764 1001 qui
781 906 1107 1008 italoquan-‘av‘ml

57 1010 112 1065 tur.
130 1004 220 1079 Quod
232 1021 320 1083 genus
331 1002 446 1063 tandem
458 1001 497 1061 est
507 1000 578 1061 istud
590 1000 781 1061 ostentationis
794 1005 825 1063 dt
835 1007 950 1083 gloriae?

55 1078 84 1138 si
102 1080 173 1139 nihil
191 1079 325 1140 habuisset
341 1095 497 1157 uinquam,
516 1087 628 1148 tamen,
649 1076 839 1157 siquaefiffet,
858 1102 909 1144 cur
928 1090 952 1151 is

56 1150 240 1217 dissimularet
257 1158 360 1217 habere
380 1154 459 1216 causa
476 1172 536 1214 non
549 1152 625 1216 esset.
643 1156 692 1232 qui
702 1156 774 1215 verb
795 1156 855 1219 duo
873 1161 950 1227 lauta

52 1232 88 1291 δε
100 1233 216 1310 copiosa
228 1233 397 1312 patrimonia
409 1249 476 1292 acce
496 1229 573 1302 iffet,
586 1248 616 1291 re
668 1249 705 1291 ue
716 1243 851 1308 praeterea
865 1236 948 1301 bonis

49 1309 220 1371 &honestis
233 1312 385 1371 rationibus
397 1308 460 1368 ausi
482 1319 524 1366 et:
543 1307 641 1385 quide
663 1320 691 1367 et
703 1308 818 1369 taudem
839 1316 944 1389 causae,

46 1406 105 1448 cur
116 1388 264 1454 existimari
275 1388 360 1447 vellet
372 1386 439 1445 nihil
452 1383 575 1443 habere?
594 1384 660 1456 An,
680 1384 746 1444 cunr
759 1386 890 1450 credebat
900 1393 944 1452 in-
954 1403 992 1464 39

45 1463 155 1525 duc‘lus
171 1464 277 1534 usuris,
297 1463 326 1524 id
344 1463 464 1541 agebat,
483 1472 516 1519 ut
535 1460 649 1520 haberet
665 1460 753 1540 quim
773 1464 943 1539 plurimum:

41 1540 233 1618 posteaquam
246 1541 339 1617 exegit
349 1538 428 1617 quod
441 1536 609 1597 crediderat:
619 1550 651 1597 ut
664 1539 865 1603 existimaretur
877 1561 944 1623 ege-

39 1634 97 1689 re,
117 1635 228 1677 novum
239 1634 327 1694 genus
337 1617 395 1676 hoc
405 1614 504 1691 gloriae
517 1612 707 1689 concupiscit?
726 1615 942 1685 Dominatuseli

40 1847 170 1907 miliares
186 1848 268 1906 suos:
297 1864 373 1907 mors
393 1844 431 1904 ob
448 1842 547 1904 oculos
563 1843 637 1919 saepe
656 1844 762 1905 versata
774 1846 827 1907 est:
846 1849 938 1911 nudus
948 1848 975 1898 Ρ·
989 1849 1101 1907 cxxix.

41 1936 135 2002 atque
146 1942 231 2000 egens
241 1922 277 1983 ad
289 1935 447 1983 extremum
458 1917 667 1997 fugiteregno.
1041 1946 1046 1955 ·

84 2002 128 2060 At
144 2012 301 2076 permutata
314 2004 330 2047 h
343 1997 456 2058 aliunde
473 1997 594 2071 pecunia
612 1996 673 2056 est:
695 2008 725 2048 ⁷⁷
740 1998 831 2061 dudae
850 2007 983 2067 navare

38 2076 170 2143 Postumi
183 2075 304 2137 Puteolis
312 2072 499 2137 suntaauditae
511 2072 633 2152 vileque
639 2091 757 2138 merces.
774 2078 805 2128 ⁷⁸
816 2066 1095 2203 F²1¹²⁶t⁶30²fflllffff

73 2350 117 2395 77.
134 2337 210 2386 Desa
226 2352 295 2386 sauss
309 2335 408 2398 Pastum·
422 2335 520 2387 Puteolis
534 2335 609 2396 sust-⁰
625 2337 705 2387 audita
721 2339 813 2405 uisaque
826 2344 934 2402 meraca]
1023 2352 1027 2362 “

38 2398 141 2451 uultu
151 2418 235 2452 mnata.
252 2401 298 2468 qul
306 2399 362 2450 fieri
372 2402 468 2467 potuit?
485 2398 673 2465 distinguerem:
689 2404 766 2451 Dulla
776 2418 842 2450 naves
853 2406 932 2465 Postu·

38 2468 90 2522 mi,
108 2468 204 2513 Puteolis
210 2467 353 2526 smaadiu
367 2466 461 2530 ossaque
470 2482 561 2521 merces,
577 2467 624 2517 duc.
642 2461 730 2514 audita
741 2462 810 2524 sunt,
829 2466 929 2532 inquit,

39 2529 153 2578 Puteolis
164 2543 252 2587 naves,
269 2545 322 2595 que
333 2527 490 2577 ducebantur.
506 2527 546 2576 vel
558 2525 695 2593 distingue,
709 2532 787 2578 Delia
797 2545 866 2579 naves
881 2538 932 2582 Pu·

38 2596 105 2640 stolis
112 2594 163 2653 fient
172 2596 254 2642 audire
262 2595 369 2658 vasaque:
385 2609 462 2640 merces
467 2592 560 2652 fallaces
569 2595 659 2656 quidem
670 2593 850 2661 &suessulam
867 2598 931 2647 Tur·

39 2656 119 2705 nebus
134 2667 161 2705 ut
176 2670 225 2706 nos
240 2657 314 2721 prius.
346 2653 501 2711 Lambinus,
521 2658 572 2702 alla
587 2673 655 2703 navet
672 2656 776 2716 Postumi.
795 2657 929 2717 Patricius,

38 2720 127 2770 Franc.
138 2723 191 2769 MS.
203 2723 230 2771 &
241 2720 281 2769 ed.
293 2720 385 2786 prima:
402 2722 474 2767 nilla
484 2733 551 2765 navet
560 2718 659 2777 Postumi
668 2722 766 2767 Puteolis
770 2722 822 2780 sunt
832 2724 929 2781 auersa,

38 2786 135 2850 visaque
142 2800 230 2834 merces.
246 2783 293 2832 Sed
302 2797 349 2832 nec
358 2784 460 2834 navium
471 2795 544 2831 antea
553 2782 650 2831 mentio
659 2778 726 2829 fasta
737 2782 929 2850 est,nec,quod

38 2846 67 2896 in
78 2847 185 2913 vulgatis
195 2848 243 2904 est,
259 2850 326 2896 dalla
335 2864 414 2905 muts,
430 2844 492 2912 quid
500 2846 598 2895 Latinis
608 2843 638 2895 sit
648 2844 717 2895 novi.
734 2846 790 2894 Scio
800 2846 865 2895 seete
876 2847 928 2898 dici

38 2910 152 2971 scaldum
162 2928 230 2963 naves
245 2913 395 2969 aedalucere,
411 2907 513 2958 desolo
529 2921 614 2960 autem
624 2910 785 2974 imperatore,
802 2910 926 2975 quicltffi

38 2973 136 3086 ξτεοίὶ,
150 2974 220 3049 polle
230 2974 280 3023 dici
290 2974 363 3023 illuns
373 2974 456 3035 duxaffe
466 2990 547 3030 naves,
562 2986 589 3023 ut
599 2973 688 3023 dicitur
699 2975 745 3021 lux
753 2973 829 3035 elaffis.
857 2974 925 3040 Quid

69 3052 101 3088 ex
110 3039 206 3088 ultanus
218 3036 318 3103 syllabis
327 3040 397 3087 vocis
406 3037 564 3103 precedentis
571 3042 661 3103 pecunia
671 3039 699 3087 &
713 3036 744 3086 cl
755 3038 783 3092 eil
793 3050 882 3087 natum
892 3038 924 3089 stt

38 3104 119 3159 daea,
134 3116 190 3160 aut,
206 3113 234 3150 ut
245 3103 289 3150 alii
298 3100 369 3160 libri,
384 3105 459 3159 dille,
475 3102 503 3151 dc
514 3103 562 3151 illo
573 3100 696 3168 expundo
706 3103 774 3166 leges
786 3100 926 3153 distinetio-

38 3179 71 3215 ιιι
81 3169 135 3215 MS.
147 3169 175 3217 dt
188 3166 305 3216 editionis
314 3166 399 3231 prime
408 3174 599 3216 retentaattaves
609 3167 706 3227 Postumi
716 3167 872 3227 Puteolisfunt
881 3182 926 3217 au·

38 3232 101 3288 lita,
117 3232 212 3296 visaque
221 3247 307 3279 moces.
324 3228 443 3279 Auditum
454 3229 489 3278 esi
499 3244 574 3279 naves
586 3230 693 3280 Postumi
704 3228 814 3278 Puteolis
828 3226 925 3288 esth&

38 3290 185 3405 posteavisae
199 3294 253 3343 sont
264 3307 366 3368 quoque
377 3308 486 3351 meacm,
502 3308 565 3360 quas
575 3309 651 3344 naves
667 3292 841 3343 Alexandrina
857 3307 926 3345 attu-

45 3369 117 3406 erant
137 3360 272 3417 Puteolos,
288 3358 331 3407 ubi
346 3356 442 3408 solebat
458 3370 514 3408 cata
531 3360 570 3408 lus
585 3357 756 3408 Alexandrina
772 3358 879 3425 appelli,
895 3371 925 3411 ut

38 3419 121 3472 doctrit
131 3420 290 3472 casaubonus
301 3422 332 3473 ad
339 3424 431 3474 ostar.
444 3375 547 3488 auguli
559 3435 612 3488 cap.
626 3431 667 3479 92.
683 3426 758 3475 Grau.
787 3484 794 3497 1

63 3492 104 3547 78.
120 3487 315 3555 istucequidem
326 3486 646 3616 Ηναζιέὲῑὲὶιεέἰὲἓιιῖ
660 3487 739 3557 longe
760 3485 830 3542 allud
850 3492 925 3603 aaz
